ts_ms,trade_id,side,size,px,lhs_ccy,rhs_ccy
1683057740425.0,2751,B,4000.0,4.214544999999999,BTA,USD
1682908654150.0,208,S,7000.0,4.207605,BTA,USD
1683044223575.0,2521,S,10000.0,4.217045000000001,BTA,USD
1682938807050.0,711,B,4000.0,4.219295,BTA,USD
1683028148525.0,2288,B,1000.0,4.214975,BTA,USD
1682974920575.0,1346,S,3000.0,4.219844999999999,BTA,USD
1682904408550.0,140,S,2000.0,4.20461,BTA,USD
1682904223825.0,134,S,5000.0,4.204999999999999,BTA,USD
1682932004325.0,560,S,5000.0,4.219625,BTA,USD
1683068056550.0,2971,S,7000.0,4.211795,BTA,USD
1683066419125.0,2939,B,3000.0,4.21217,BTA,USD
1682935604350.0,649,S,8000.0,4.220345,BTA,USD
1682964847575.0,1159,B,1000.0,4.218265000000001,BTA,USD
1682961306925.0,1119,B,3000.0,4.217835,BTA,USD
1682958086050.0,1064,S,10000.0,4.2176350000000005,BTA,USD
1683005065325.0,1927,S,8000.0,4.22185,BTA,USD
1683003366350.0,1889,S,4000.0,4.221465,BTA,USD
1682960977675.0,1113,B,4000.0,4.218495,BTA,USD
1683060706975.0,2828,B,7000.0,4.215395,BTA,USD
1682922957025.0,453,B,9000.0,4.21723,BTA,USD
1682993610075.0,1728,S,1000.0,4.22233,BTA,USD
1682975549450.0,1352,B,8000.0,4.22022,BTA,USD
1683026846575.0,2277,S,7000.0,4.214665,BTA,USD
1682972561050.0,1287,B,4000.0,4.21785,BTA,USD
1683067370875.0,2958,B,3000.0,4.211875,BTA,USD
1682981810175.0,1497,S,1000.0,4.220275,BTA,USD
1682947087175.0,849,S,4000.0,4.219465,BTA,USD
1683024315825.0,2247,B,9000.0,4.216755,BTA,USD
1683000858975.0,1864,S,7000.0,4.2205200000000005,BTA,USD
1682962810075.0,1135,S,10000.0,4.21628,BTA,USD
1683066786975.0,2947,B,7000.0,4.21131,BTA,USD
1683015406825.0,2123,B,2000.0,4.221335,BTA,USD
1683040875275.0,2471,S,2000.0,4.217440000000001,BTA,USD
1682963915625.0,1153,S,3000.0,4.218030000000001,BTA,USD
1683010567975.0,2054,S,8000.0,4.22032,BTA,USD
1683016450975.0,2145,S,2000.0,4.2221649999999995,BTA,USD
1682948098525.0,885,B,5000.0,4.2199349999999995,BTA,USD
1683064565250.0,2916,S,8000.0,4.21182,BTA,USD
1683042839050.0,2507,B,4000.0,4.216625,BTA,USD
1682977406625.0,1401,S,8000.0,4.220015,BTA,USD
1682977076950.0,1398,B,10000.0,4.220745,BTA,USD
1682924094025.0,463,B,4000.0,4.218369999999999,BTA,USD
1682918690675.0,388,B,2000.0,4.2121900000000005,BTA,USD
1682920893350.0,426,S,1000.0,4.215145000000001,BTA,USD
1682984966750.0,1564,S,9000.0,4.222805,BTA,USD
1682956424275.0,1018,S,4000.0,4.218205,BTA,USD
1683065920550.0,2931,S,10000.0,4.211775,BTA,USD
1683000541825.0,1858,S,7000.0,4.22051,BTA,USD
1682905605825.0,160,S,3000.0,4.204415,BTA,USD
1682968920725.0,1227,S,4000.0,4.218845,BTA,USD
1682977774750.0,1419,B,1000.0,4.21894,BTA,USD
1683003936575.0,1906,B,2000.0,4.22132,BTA,USD
1682938986125.0,718,S,5000.0,4.218945,BTA,USD
1683049194375.0,2599,S,9000.0,4.217770000000001,BTA,USD
1682935604275.0,648,S,2000.0,4.220325,BTA,USD
1682932205575.0,572,B,6000.0,4.220005,BTA,USD
1683024404450.0,2251,S,1000.0,4.216984999999999,BTA,USD
1683018925775.0,2194,B,9000.0,4.221495,BTA,USD
1683037969050.0,2440,S,10000.0,4.215125,BTA,USD
1682935696850.0,656,S,9000.0,4.220454999999999,BTA,USD
1682968921775.0,1229,S,6000.0,4.218885,BTA,USD
1682931850050.0,555,B,3000.0,4.219345,BTA,USD
1682995464350.0,1763,S,7000.0,4.2207550000000005,BTA,USD
1683034356825.0,2375,S,4000.0,4.212085,BTA,USD
1683056356275.0,2729,B,9000.0,4.21276,BTA,USD
1683052229250.0,2665,S,10000.0,4.2149350000000005,BTA,USD
1682933782925.0,605,B,1000.0,4.2192549999999995,BTA,USD
1682987611550.0,1621,S,1000.0,4.223325,BTA,USD
1682970090650.0,1252,B,3000.0,4.22021,BTA,USD
1682936643425.0,672,B,3000.0,4.2207349999999995,BTA,USD
1682993610625.0,1731,S,1000.0,4.22237,BTA,USD
1682990738950.0,1685,S,8000.0,4.22188,BTA,USD
1682908956150.0,211,S,10000.0,4.208355,BTA,USD
1682956566550.0,1025,S,6000.0,4.218825000000001,BTA,USD
1683012165825.0,2084,B,10000.0,4.2205449999999995,BTA,USD
1683060228675.0,2821,S,5000.0,4.2147749999999995,BTA,USD
1682905139325.0,153,S,5000.0,4.20428,BTA,USD
1682933349050.0,593,B,9000.0,4.219625,BTA,USD
1682982729025.0,1524,S,6000.0,4.221315000000001,BTA,USD
1682901527350.0,82,B,3000.0,4.20454,BTA,USD
1682954556825.0,987,S,9000.0,4.21856,BTA,USD
1682974252825.0,1327,B,10000.0,4.218895,BTA,USD
1682945160450.0,809,S,8000.0,4.218965,BTA,USD
1682900557450.0,55,B,10000.0,4.202694999999999,BTA,USD
1683010616175.0,2057,S,3000.0,4.2203800000000005,BTA,USD
1683004638475.0,1920,S,9000.0,4.22116,BTA,USD
1683006450150.0,1965,S,10000.0,4.221695,BTA,USD
1682965158825.0,1164,S,2000.0,4.218515,BTA,USD
1682951799350.0,950,S,1000.0,4.2185749999999995,BTA,USD
1683011824350.0,2080,S,5000.0,4.221055,BTA,USD
1682914383875.0,311,B,8000.0,4.20915,BTA,USD
1682950210325.0,920,S,2000.0,4.219175,BTA,USD
1682912404750.0,277,B,5000.0,4.207725,BTA,USD
1682974685225.0,1337,S,5000.0,4.219335,BTA,USD
1683036829675.0,2417,B,7000.0,4.213985,BTA,USD
1683058447550.0,2771,S,10000.0,4.2137649999999995,BTA,USD
1682980887875.0,1477,B,8000.0,4.22054,BTA,USD
1683035691750.0,2391,S,3000.0,4.2136949999999995,BTA,USD
1683021670125.0,2217,S,5000.0,4.218534999999999,BTA,USD
1682990738775.0,1684,S,1000.0,4.22187,BTA,USD
1682897647050.0,20,S,4000.0,4.20018,BTA,USD
1683064146150.0,2907,S,8000.0,4.212350000000001,BTA,USD
1682938888075.0,713,S,10000.0,4.219015,BTA,USD
1683016867325.0,2149,B,5000.0,4.2214149999999995,BTA,USD
1683009956250.0,2028,B,6000.0,4.2188,BTA,USD
1682970090325.0,1251,B,4000.0,4.22022,BTA,USD
1683049216675.0,2600,B,10000.0,4.2177999999999995,BTA,USD
1682999732775.0,1838,B,8000.0,4.22012,BTA,USD
1683059058175.0,2785,S,8000.0,4.21458,BTA,USD
1682905180975.0,154,S,10000.0,4.204319999999999,BTA,USD
1682997097650.0,1795,B,1000.0,4.22081,BTA,USD
1682909895550.0,240,S,5000.0,4.20751,BTA,USD
1682910946475.0,252,B,1000.0,4.20744,BTA,USD
1683017462950.0,2163,S,7000.0,4.222035,BTA,USD
1682993610250.0,1729,S,4000.0,4.22234,BTA,USD
1682960855350.0,1112,S,7000.0,4.2178450000000005,BTA,USD
1682987610875.0,1620,S,7000.0,4.223305,BTA,USD
1683058773050.0,2783,B,8000.0,4.214230000000001,BTA,USD
1683028584975.0,2296,B,5000.0,4.215155,BTA,USD
1682996121975.0,1778,S,8000.0,4.220815,BTA,USD
1682960709675.0,1108,S,4000.0,4.2179850000000005,BTA,USD
1682980887925.0,1478,B,5000.0,4.22053,BTA,USD
1682981610725.0,1489,B,10000.0,4.220565,BTA,USD
1682932742950.0,579,S,2000.0,4.220025,BTA,USD
1682968017025.0,1208,B,6000.0,4.218355000000001,BTA,USD
1682899105975.0,27,B,6000.0,4.2024799999999995,BTA,USD
1683047019475.0,2556,B,8000.0,4.218145,BTA,USD
1682909572025.0,228,B,3000.0,4.2078050000000005,BTA,USD
1682999613550.0,1834,B,8000.0,4.220305000000001,BTA,USD
1682986830050.0,1598,S,1000.0,4.223344999999999,BTA,USD
1683007859775.0,1988,S,2000.0,4.222075,BTA,USD
1683066881375.0,2950,B,7000.0,4.21093,BTA,USD
1682936666475.0,674,B,7000.0,4.220635,BTA,USD
1682918626350.0,382,S,2000.0,4.21212,BTA,USD
1683035531350.0,2387,S,3000.0,4.212825,BTA,USD
1682971901850.0,1279,S,4000.0,4.218535,BTA,USD
1682994220975.0,1738,B,1000.0,4.22232,BTA,USD
1683061375750.0,2839,B,3000.0,4.2145,BTA,USD
1682949008675.0,908,S,8000.0,4.219735,BTA,USD
1682927838475.0,494,B,3000.0,4.221204999999999,BTA,USD
1683059919150.0,2807,B,1000.0,4.21459,BTA,USD
1683062414750.0,2873,B,5000.0,4.2136000000000005,BTA,USD
1683032225450.0,2341,B,5000.0,4.211914999999999,BTA,USD
1683066249650.0,2936,S,3000.0,4.21214,BTA,USD
1683037499025.0,2433,B,6000.0,4.213985,BTA,USD
1682986186125.0,1585,B,1000.0,4.223649999999999,BTA,USD
1682974586150.0,1332,B,6000.0,4.219135,BTA,USD
1682898622450.0,22,B,4000.0,4.202455,BTA,USD
1682899128575.0,29,S,9000.0,4.20274,BTA,USD
1682950603150.0,928,B,10000.0,4.219225,BTA,USD
1682896446850.0,9,B,8000.0,4.199775,BTA,USD
1683035781125.0,2394,S,3000.0,4.213645,BTA,USD
1682980312050.0,1462,B,4000.0,4.22114,BTA,USD
1682980550675.0,1471,B,5000.0,4.22071,BTA,USD
1683033872425.0,2368,B,4000.0,4.211955,BTA,USD
1683063272125.0,2886,S,5000.0,4.212565,BTA,USD
1682984450450.0,1557,B,5000.0,4.223435,BTA,USD
1683024022525.0,2236,S,4000.0,4.217874999999999,BTA,USD
1682956565925.0,1022,S,3000.0,4.218775000000001,BTA,USD
1683061520250.0,2847,B,8000.0,4.21379,BTA,USD
1683008639050.0,2010,S,10000.0,4.21985,BTA,USD
1682966550150.0,1184,S,10000.0,4.21945,BTA,USD
1683019416550.0,2202,B,5000.0,4.2208049999999995,BTA,USD
1682956172225.0,1013,B,5000.0,4.218285,BTA,USD
1682920448150.0,416,B,5000.0,4.214645,BTA,USD
1682905082650.0,151,B,6000.0,4.20427,BTA,USD
1682974607775.0,1335,B,3000.0,4.218845,BTA,USD
1683003207025.0,1883,B,2000.0,4.221305,BTA,USD
1682920971375.0,427,S,9000.0,4.215675,BTA,USD
1682981111625.0,1485,B,4000.0,4.2206150000000004,BTA,USD
1682902022225.0,90,S,8000.0,4.20486,BTA,USD
1683033569875.0,2364,S,5000.0,4.212305,BTA,USD
1682953750950.0,973,B,1000.0,4.22051,BTA,USD
1682947337425.0,859,B,8000.0,4.2197949999999995,BTA,USD
1682904681625.0,143,B,9000.0,4.20415,BTA,USD
1682977495075.0,1407,S,9000.0,4.2202,BTA,USD
1682980944550.0,1479,B,7000.0,4.220715,BTA,USD
1682908468725.0,203,S,6000.0,4.207245,BTA,USD
1682988680750.0,1653,B,2000.0,4.22365,BTA,USD
1682999024775.0,1824,S,2000.0,4.220055,BTA,USD
1683041595275.0,2478,B,9000.0,4.21784,BTA,USD
1683010793750.0,2065,B,10000.0,4.22072,BTA,USD
1682960230750.0,1104,S,5000.0,4.21748,BTA,USD
1683028628625.0,2298,B,10000.0,4.215034999999999,BTA,USD
1682957969725.0,1059,B,6000.0,4.217745,BTA,USD
1683000541925.0,1859,S,7000.0,4.2205200000000005,BTA,USD
1682955543275.0,1001,S,5000.0,4.218515,BTA,USD
1683066249850.0,2937,S,2000.0,4.21216,BTA,USD
1682932110975.0,563,B,4000.0,4.219885,BTA,USD
1682912508175.0,278,S,5000.0,4.207075000000001,BTA,USD
1682986830825.0,1601,S,7000.0,4.223395,BTA,USD
1682987185025.0,1612,S,5000.0,4.2229149999999995,BTA,USD
1682931733475.0,553,S,4000.0,4.219505,BTA,USD
1682935696725.0,655,S,4000.0,4.220434999999999,BTA,USD
1682912404625.0,276,B,9000.0,4.207745,BTA,USD
1682910066550.0,243,S,4000.0,4.20724,BTA,USD
1682915035925.0,323,S,2000.0,4.20976,BTA,USD
1682920087650.0,412,S,5000.0,4.214085000000001,BTA,USD
1682905606325.0,161,S,6000.0,4.204425,BTA,USD
1683004467375.0,1915,B,1000.0,4.22172,BTA,USD
1683017429575.0,2162,S,1000.0,4.222035,BTA,USD
1682941403725.0,745,S,2000.0,4.219005,BTA,USD
1683044436850.0,2525,S,1000.0,4.216595000000001,BTA,USD
1683059900575.0,2805,S,9000.0,4.21458,BTA,USD
1682900945325.0,72,S,1000.0,4.202725,BTA,USD
1682902931225.0,112,B,5000.0,4.2035849999999995,BTA,USD
1682937975675.0,691,B,9000.0,4.2211549999999995,BTA,USD
1682911007375.0,253,B,7000.0,4.2070300000000005,BTA,USD
1682947337975.0,863,B,5000.0,4.219735,BTA,USD
1682929627350.0,521,S,9000.0,4.2204049999999995,BTA,USD
1682941537575.0,749,S,5000.0,4.219595,BTA,USD
1683043890525.0,2515,S,1000.0,4.216815,BTA,USD
1682978699825.0,1434,B,7000.0,4.219585,BTA,USD
1682956603850.0,1029,S,9000.0,4.219195,BTA,USD
1683060033775.0,2813,B,5000.0,4.2146349999999995,BTA,USD
1683050921325.0,2640,B,3000.0,4.217495,BTA,USD
1683042827575.0,2504,B,2000.0,4.216725,BTA,USD
1683040875150.0,2470,S,7000.0,4.21743,BTA,USD
1682928278525.0,500,B,6000.0,4.219365,BTA,USD
1683006451275.0,1967,S,9000.0,4.2217150000000006,BTA,USD
1682930046225.0,532,B,2000.0,4.219765,BTA,USD
1682988016325.0,1631,S,2000.0,4.22416,BTA,USD
1683047365550.0,2562,B,4000.0,4.218135,BTA,USD
1682948826750.0,904,B,7000.0,4.219225,BTA,USD
1683055320425.0,2705,S,4000.0,4.212915,BTA,USD
1682994833750.0,1754,S,10000.0,4.220635,BTA,USD
1682933525275.0,598,S,8000.0,4.219315,BTA,USD
1682946662475.0,844,S,7000.0,4.219545,BTA,USD
1682947463875.0,871,B,7000.0,4.219595,BTA,USD
1682927666425.0,493,S,6000.0,4.221495,BTA,USD
1682948251225.0,888,B,10000.0,4.219405,BTA,USD
1682915952450.0,337,S,8000.0,4.210165,BTA,USD
1682960738175.0,1110,S,4000.0,4.217875,BTA,USD
1683005150225.0,1929,B,2000.0,4.22168,BTA,USD
1682897820075.0,21,B,4000.0,4.200585,BTA,USD
1682903925150.0,132,S,1000.0,4.2050849999999995,BTA,USD
1683028572675.0,2294,S,4000.0,4.215305,BTA,USD
1683061445275.0,2842,B,5000.0,4.21401,BTA,USD
1682945206575.0,810,B,2000.0,4.218455,BTA,USD
1682957139125.0,1043,B,9000.0,4.219045,BTA,USD
1682919748075.0,403,S,4000.0,4.213095,BTA,USD
1683018419150.0,2182,S,9000.0,4.221814999999999,BTA,USD
1682971545575.0,1276,S,2000.0,4.220055,BTA,USD
1682935063975.0,641,B,9000.0,4.219805,BTA,USD
1682901455750.0,79,S,1000.0,4.20436,BTA,USD
1683060168425.0,2820,B,2000.0,4.2151749999999995,BTA,USD
1682969341775.0,1236,S,6000.0,4.219255,BTA,USD
1682956604025.0,1030,S,3000.0,4.219215,BTA,USD
1683040411850.0,2465,B,9000.0,4.2169,BTA,USD
1683065849150.0,2930,B,2000.0,4.212205,BTA,USD
1683057845275.0,2760,B,6000.0,4.214115,BTA,USD
1682956368875.0,1015,B,5000.0,4.217885,BTA,USD
1682973547375.0,1311,S,9000.0,4.218789999999999,BTA,USD
1682963311950.0,1141,B,1000.0,4.216889999999999,BTA,USD
1683040670425.0,2469,S,9000.0,4.21692,BTA,USD
1682902570350.0,107,B,1000.0,4.20365,BTA,USD
1682988755175.0,1655,S,7000.0,4.22387,BTA,USD
1682949008550.0,907,S,3000.0,4.219715,BTA,USD
1682932111350.0,566,B,10000.0,4.219835,BTA,USD
1682922160975.0,442,B,8000.0,4.217149999999999,BTA,USD
1683025977075.0,2268,B,4000.0,4.214545,BTA,USD
1682920844725.0,425,B,1000.0,4.215465,BTA,USD
1682995646075.0,1766,B,4000.0,4.220525,BTA,USD
1683007208550.0,1979,B,5000.0,4.222285,BTA,USD
1683059280125.0,2788,B,9000.0,4.21478,BTA,USD
1683060807825.0,2831,S,9000.0,4.215285,BTA,USD
1682906912275.0,183,S,5000.0,4.2059,BTA,USD
1682947276825.0,852,S,9000.0,4.219774999999999,BTA,USD
1682973234575.0,1303,B,9000.0,4.2180800000000005,BTA,USD
1682968744125.0,1225,S,7000.0,4.218815,BTA,USD
1682895855250.0,3,S,8000.0,4.199815,BTA,USD
1683042448325.0,2494,B,8000.0,4.217415,BTA,USD
1683032899075.0,2351,B,7000.0,4.212054999999999,BTA,USD
1683019944725.0,2205,S,1000.0,4.219984999999999,BTA,USD
1683006694675.0,1973,B,2000.0,4.221425,BTA,USD
1682916433375.0,354,B,1000.0,4.211785,BTA,USD
1682976009050.0,1360,B,8000.0,4.22082,BTA,USD
1682999727075.0,1836,B,6000.0,4.2202399999999995,BTA,USD
1683063465225.0,2888,B,4000.0,4.213045,BTA,USD
1683044437450.0,2527,S,8000.0,4.2166250000000005,BTA,USD
1682943283750.0,782,B,2000.0,4.2197949999999995,BTA,USD
1682999733250.0,1839,B,4000.0,4.22011,BTA,USD
1683001271175.0,1866,S,6000.0,4.220680000000001,BTA,USD
1682968586525.0,1217,S,9000.0,4.218265,BTA,USD
1682967505625.0,1199,B,5000.0,4.2182200000000005,BTA,USD
1682987369825.0,1618,S,5000.0,4.223075,BTA,USD
1682962809325.0,1133,S,6000.0,4.2162500000000005,BTA,USD
1682983353550.0,1531,S,2000.0,4.22122,BTA,USD
1682902931025.0,111,B,4000.0,4.203605,BTA,USD
1683030841575.0,2324,S,4000.0,4.2152449999999995,BTA,USD
1682941843550.0,751,B,5000.0,4.219385,BTA,USD
1682969642450.0,1239,S,2000.0,4.22048,BTA,USD
1683040670375.0,2468,S,3000.0,4.216900000000001,BTA,USD
1683008412075.0,2000,S,9000.0,4.220575,BTA,USD
1682942361750.0,759,S,10000.0,4.219225,BTA,USD
1683049067625.0,2598,B,5000.0,4.21862,BTA,USD
1683060168275.0,2819,B,6000.0,4.215185,BTA,USD
1683017266450.0,2155,S,1000.0,4.221525,BTA,USD
1682923648325.0,460,S,3000.0,4.21863,BTA,USD
1683025757850.0,2264,B,2000.0,4.215075,BTA,USD
1682989996325.0,1668,B,6000.0,4.223434999999999,BTA,USD
1682902075450.0,97,B,10000.0,4.20509,BTA,USD
1683015527375.0,2127,S,5000.0,4.221425,BTA,USD
1682934651625.0,631,S,5000.0,4.219964999999999,BTA,USD
1683018500575.0,2186,B,4000.0,4.221865,BTA,USD
1682902023125.0,93,S,7000.0,4.20491,BTA,USD
1682999257425.0,1827,S,1000.0,4.220025000000001,BTA,USD
1683018367925.0,2179,B,3000.0,4.221495,BTA,USD
1682928085550.0,498,B,9000.0,4.220615,BTA,USD
1683010826775.0,2067,S,10000.0,4.22067,BTA,USD
1682996905250.0,1790,B,4000.0,4.2205900000000005,BTA,USD
1682951065475.0,938,B,5000.0,4.219035,BTA,USD
1683059337675.0,2794,S,7000.0,4.21484,BTA,USD
1682977548175.0,1410,S,9000.0,4.220090000000001,BTA,USD
1683036446750.0,2412,B,1000.0,4.213585,BTA,USD
1682909895325.0,239,S,4000.0,4.20749,BTA,USD
1682908359375.0,198,S,8000.0,4.2071950000000005,BTA,USD
1683043889850.0,2513,S,8000.0,4.216785000000001,BTA,USD
1683049324375.0,2606,B,10000.0,4.2169799999999995,BTA,USD
1682988108425.0,1637,S,7000.0,4.22445,BTA,USD
1683002766550.0,1874,B,2000.0,4.221185,BTA,USD
1683031590975.0,2330,S,7000.0,4.213425,BTA,USD
1683015953450.0,2141,S,2000.0,4.223075,BTA,USD
1682938037675.0,697,S,3000.0,4.221455,BTA,USD
1682927351950.0,485,S,2000.0,4.221365,BTA,USD
1683048704075.0,2582,B,6000.0,4.219695,BTA,USD
1683019491150.0,2204,B,5000.0,4.220775,BTA,USD
1682973553225.0,1312,S,8000.0,4.218859999999999,BTA,USD
1682899073125.0,26,S,5000.0,4.20242,BTA,USD
1683050386875.0,2634,B,8000.0,4.21776,BTA,USD
1683050448575.0,2635,B,8000.0,4.21782,BTA,USD
1682991191750.0,1695,B,1000.0,4.22236,BTA,USD
1682946182650.0,830,S,8000.0,4.219735,BTA,USD
1682925039925.0,471,S,4000.0,4.219110000000001,BTA,USD
1682926613675.0,483,B,5000.0,4.2199349999999995,BTA,USD
1683049067425.0,2597,B,5000.0,4.21863,BTA,USD
1683011786625.0,2077,S,1000.0,4.220994999999999,BTA,USD
1682914383450.0,308,B,4000.0,4.2091899999999995,BTA,USD
1683063592250.0,2890,B,7000.0,4.213335,BTA,USD
1682983854325.0,1537,S,10000.0,4.22217,BTA,USD
1683036900375.0,2421,S,3000.0,4.2136949999999995,BTA,USD
1682947699275.0,882,S,5000.0,4.219225,BTA,USD
1682935113350.0,643,B,2000.0,4.220015,BTA,USD
1683049290275.0,2603,B,1000.0,4.21727,BTA,USD
1682991062725.0,1690,B,3000.0,4.222580000000001,BTA,USD
1682958577850.0,1075,B,10000.0,4.21716,BTA,USD
1683036311250.0,2406,S,7000.0,4.213945,BTA,USD
1683051067775.0,2642,B,3000.0,4.217215,BTA,USD
1682911007575.0,255,B,6000.0,4.207,BTA,USD
1682959528175.0,1089,B,9000.0,4.21774,BTA,USD
1682996905325.0,1791,B,10000.0,4.22057,BTA,USD
1682986830150.0,1599,S,10000.0,4.223355,BTA,USD
1683068049725.0,2968,B,1000.0,4.212055,BTA,USD
1682965200825.0,1167,S,8000.0,4.218675,BTA,USD
1682927666225.0,492,S,6000.0,4.221475,BTA,USD
1682976827525.0,1386,S,4000.0,4.220485,BTA,USD
1683012478550.0,2091,S,1000.0,4.221335,BTA,USD
1682946182325.0,828,S,2000.0,4.219715,BTA,USD
1683024022675.0,2237,S,4000.0,4.2178949999999995,BTA,USD
1683057968525.0,2764,S,2000.0,4.213755,BTA,USD
1682937975850.0,693,B,4000.0,4.221125,BTA,USD
1682929213325.0,506,S,5000.0,4.219914999999999,BTA,USD
1683037156625.0,2431,B,3000.0,4.214715,BTA,USD
1682995646175.0,1767,B,9000.0,4.220515000000001,BTA,USD
1682983137225.0,1528,B,10000.0,4.220940000000001,BTA,USD
1683033882025.0,2369,S,1000.0,4.212045,BTA,USD
1682934598450.0,625,B,8000.0,4.219955,BTA,USD
1683017407875.0,2160,S,1000.0,4.2220249999999995,BTA,USD
1682968017625.0,1210,B,5000.0,4.218335000000001,BTA,USD
1683051068125.0,2643,B,3000.0,4.217195,BTA,USD
1682929708725.0,524,B,10000.0,4.219844999999999,BTA,USD
1682980281225.0,1458,B,8000.0,4.2209900000000005,BTA,USD
1682945257350.0,813,B,3000.0,4.218565,BTA,USD
1682978700125.0,1436,B,7000.0,4.219565,BTA,USD
1683043889625.0,2512,S,9000.0,4.216775,BTA,USD
1682916134650.0,342,B,7000.0,4.210475,BTA,USD
1683025507250.0,2260,S,10000.0,4.215865,BTA,USD
1682999257750.0,1828,S,1000.0,4.220045,BTA,USD
1682946389525.0,837,S,7000.0,4.219765,BTA,USD
1683008412250.0,2001,S,3000.0,4.220595,BTA,USD
1682913650650.0,302,S,10000.0,4.208200000000001,BTA,USD
1683036411050.0,2408,S,5000.0,4.213864999999999,BTA,USD
1683056211825.0,2722,B,2000.0,4.21303,BTA,USD
1683015406775.0,2122,B,4000.0,4.221355,BTA,USD
1682922089750.0,439,S,10000.0,4.21727,BTA,USD
1683009389375.0,2015,B,9000.0,4.217849999999999,BTA,USD
1682947204375.0,850,B,9000.0,4.220015,BTA,USD
1683015842650.0,2133,S,2000.0,4.2222349999999995,BTA,USD
1682912653125.0,284,S,3000.0,4.2074750000000005,BTA,USD
1683008639250.0,2011,S,8000.0,4.21987,BTA,USD
1682903924950.0,130,S,7000.0,4.205045,BTA,USD
1682931394750.0,548,S,5000.0,4.220104999999999,BTA,USD
1682943989350.0,793,S,9000.0,4.218235,BTA,USD
1682910066875.0,244,S,2000.0,4.20725,BTA,USD
1682900511550.0,54,B,9000.0,4.202895,BTA,USD
1683067213525.0,2957,B,1000.0,4.21154,BTA,USD
1683048954575.0,2591,B,6000.0,4.21918,BTA,USD
1682953531250.0,972,B,9000.0,4.22014,BTA,USD
1683054654550.0,2695,B,1000.0,4.212485,BTA,USD
1682943168375.0,777,B,7000.0,4.220314999999999,BTA,USD
1683049953450.0,2628,B,10000.0,4.21671,BTA,USD
1683014392075.0,2116,B,10000.0,4.220675,BTA,USD
1683041627875.0,2486,S,3000.0,4.21804,BTA,USD
1682946175550.0,824,B,10000.0,4.2195849999999995,BTA,USD
1683034221275.0,2373,B,10000.0,4.2115849999999995,BTA,USD
1682943348975.0,783,B,1000.0,4.219525,BTA,USD
1682960737975.0,1109,S,1000.0,4.217855,BTA,USD
1682996905675.0,1792,B,3000.0,4.22056,BTA,USD
1683011603325.0,2075,S,1000.0,4.220795,BTA,USD
1682952625025.0,958,B,10000.0,4.21821,BTA,USD
1683063766425.0,2896,S,5000.0,4.212585,BTA,USD
1682957622125.0,1046,S,3000.0,4.217585000000001,BTA,USD
1682977548050.0,1409,S,10000.0,4.22008,BTA,USD
1683048832250.0,2584,B,1000.0,4.219635,BTA,USD
1682915701650.0,331,S,9000.0,4.210135,BTA,USD
1682982015250.0,1503,S,2000.0,4.220935,BTA,USD
1682900707650.0,70,S,10000.0,4.202624999999999,BTA,USD
1682999941125.0,1842,B,7000.0,4.22006,BTA,USD
1683013280475.0,2106,B,7000.0,4.220145,BTA,USD
1682948303025.0,893,S,4000.0,4.218995,BTA,USD
1682916414125.0,352,S,9000.0,4.211645000000001,BTA,USD
1682974607625.0,1334,B,6000.0,4.218865,BTA,USD
1683005599075.0,1944,S,1000.0,4.22336,BTA,USD
1682935993850.0,667,S,8000.0,4.220725,BTA,USD
1682924384675.0,466,S,5000.0,4.2182,BTA,USD
1682916015650.0,340,S,10000.0,4.2104550000000005,BTA,USD
1682991062450.0,1688,B,2000.0,4.22261,BTA,USD
1682986816525.0,1595,B,10000.0,4.223504999999999,BTA,USD
1682974889350.0,1341,S,9000.0,4.219675,BTA,USD
1683047413625.0,2566,B,2000.0,4.218055,BTA,USD
1682953376550.0,969,B,5000.0,4.219869999999999,BTA,USD
1683033328950.0,2355,B,6000.0,4.211345,BTA,USD
1683063905050.0,2900,S,5000.0,4.21297,BTA,USD
1682906883250.0,181,S,2000.0,4.20558,BTA,USD
1683010698075.0,2060,S,7000.0,4.220680000000001,BTA,USD
1682958975850.0,1082,B,9000.0,4.21777,BTA,USD
1682972165050.0,1285,S,2000.0,4.218375,BTA,USD
1682935696575.0,654,S,7000.0,4.220415,BTA,USD
1683008585450.0,2004,B,10000.0,4.219919999999999,BTA,USD
1682900632450.0,67,S,7000.0,4.202265,BTA,USD
1683016977850.0,2154,S,2000.0,4.221134999999999,BTA,USD
1683064042625.0,2904,B,6000.0,4.212339999999999,BTA,USD
1682958484550.0,1073,S,3000.0,4.21728,BTA,USD
1682957622225.0,1047,S,9000.0,4.217605000000001,BTA,USD
1682917051550.0,367,B,6000.0,4.212275,BTA,USD
1683056877250.0,2741,S,8000.0,4.21302,BTA,USD
1683059892250.0,2804,S,1000.0,4.21439,BTA,USD
1682982536825.0,1513,S,2000.0,4.220775000000001,BTA,USD
1682919443650.0,401,S,4000.0,4.2126399999999995,BTA,USD
1682994221150.0,1739,B,5000.0,4.22231,BTA,USD
1682950811725.0,934,B,5000.0,4.218655,BTA,USD
1683008610575.0,2008,S,5000.0,4.21992,BTA,USD
1682914087275.0,304,S,7000.0,4.2087,BTA,USD
1682998584025.0,1814,B,10000.0,4.219955000000001,BTA,USD
1682950596475.0,925,S,2000.0,4.219435,BTA,USD
1683039644325.0,2454,B,1000.0,4.216729999999999,BTA,USD
1682942052325.0,758,B,10000.0,4.219395,BTA,USD
1682947335875.0,855,B,10000.0,4.219844999999999,BTA,USD
1682929483825.0,512,S,8000.0,4.220655,BTA,USD
1683036446675.0,2411,B,4000.0,4.213604999999999,BTA,USD
1683013328375.0,2107,S,8000.0,4.220095,BTA,USD
1682908653625.0,207,S,6000.0,4.207595,BTA,USD
1682984966150.0,1562,S,8000.0,4.222785,BTA,USD
1682911070925.0,260,S,7000.0,4.2069399999999995,BTA,USD
1682916414075.0,351,S,10000.0,4.211635,BTA,USD
1682957122825.0,1040,S,1000.0,4.218955,BTA,USD
1682911007425.0,254,B,1000.0,4.20702,BTA,USD
1683053549975.0,2677,S,5000.0,4.21425,BTA,USD
1682900589375.0,60,B,9000.0,4.202355,BTA,USD
1683005356325.0,1936,B,7000.0,4.22265,BTA,USD
1682935697075.0,657,S,7000.0,4.2204749999999995,BTA,USD
1683004149875.0,1909,S,10000.0,4.22099,BTA,USD
1682903486125.0,118,B,9000.0,4.204865,BTA,USD
1682912647075.0,280,B,8000.0,4.207505,BTA,USD
1682905803150.0,169,S,2000.0,4.2037949999999995,BTA,USD
1683018459275.0,2184,S,9000.0,4.222004999999999,BTA,USD
1683049705825.0,2617,B,9000.0,4.21746,BTA,USD
1682933115125.0,584,B,1000.0,4.219545,BTA,USD
1683006152375.0,1951,B,8000.0,4.222515,BTA,USD
1683015825275.0,2132,S,7000.0,4.222085,BTA,USD
1683041623425.0,2483,S,9000.0,4.2179,BTA,USD
1683010426050.0,2048,S,4000.0,4.220260000000001,BTA,USD
1683058562825.0,2780,S,5000.0,4.213425,BTA,USD
1682929633625.0,523,S,6000.0,4.220504999999999,BTA,USD
1682934267550.0,616,B,5000.0,4.219895,BTA,USD
1683030591525.0,2318,B,7000.0,4.214265,BTA,USD
1682901101325.0,76,S,5000.0,4.203284999999999,BTA,USD
1682968017250.0,1209,B,5000.0,4.218345,BTA,USD
1682927420350.0,488,S,4000.0,4.221775,BTA,USD
1683035781275.0,2395,S,10000.0,4.213665,BTA,USD
1683010017650.0,2036,S,4000.0,4.2186900000000005,BTA,USD
1682971032750.0,1265,S,1000.0,4.219875,BTA,USD
1682907342050.0,185,B,8000.0,4.20648,BTA,USD
1682967603275.0,1201,S,3000.0,4.21917,BTA,USD
1683036897875.0,2419,B,4000.0,4.213565,BTA,USD
1683052930925.0,2672,S,2000.0,4.21422,BTA,USD
1682915686875.0,329,S,5000.0,4.210075000000001,BTA,USD
1683044119175.0,2518,B,4000.0,4.216805,BTA,USD
1682951065075.0,936,B,9000.0,4.219065,BTA,USD
1683064684050.0,2919,B,7000.0,4.21137,BTA,USD
1683061366575.0,2835,B,10000.0,4.21481,BTA,USD
1682934953550.0,638,S,9000.0,4.220255,BTA,USD
1682926564075.0,482,S,2000.0,4.219695,BTA,USD
1682948381275.0,897,S,7000.0,4.2189749999999995,BTA,USD
1683005356825.0,1938,B,4000.0,4.2226300000000005,BTA,USD
1682988431550.0,1643,B,10000.0,4.22353,BTA,USD
1683054655425.0,2696,B,3000.0,4.212465,BTA,USD
1683059474775.0,2795,S,5000.0,4.21481,BTA,USD
1682899128150.0,28,S,9000.0,4.202730000000001,BTA,USD
1682981007725.0,1483,B,4000.0,4.220585,BTA,USD
1683063466050.0,2889,B,10000.0,4.213025,BTA,USD
1682940829975.0,737,B,10000.0,4.217675,BTA,USD
1682917495275.0,374,S,5000.0,4.21313,BTA,USD
1682985327550.0,1567,S,4000.0,4.223035,BTA,USD
1683012259275.0,2088,B,3000.0,4.220435,BTA,USD
1683061802025.0,2854,S,10000.0,4.21346,BTA,USD
1683016588925.0,2147,B,7000.0,4.221905,BTA,USD
1682935604025.0,646,S,1000.0,4.220305,BTA,USD
1682905181025.0,155,S,8000.0,4.20433,BTA,USD
1683033177175.0,2353,B,1000.0,4.211595,BTA,USD
1683006449675.0,1964,S,5000.0,4.221685000000001,BTA,USD
1682937742175.0,688,S,8000.0,4.220465,BTA,USD
1683003450250.0,1892,B,6000.0,4.221685,BTA,USD
1682948098425.0,884,B,3000.0,4.219945,BTA,USD
1683018458925.0,2183,S,5000.0,4.221995,BTA,USD
1682947698650.0,880,S,5000.0,4.2191849999999995,BTA,USD
1683045203050.0,2546,S,10000.0,4.2166,BTA,USD
1682954314775.0,976,S,10000.0,4.21949,BTA,USD
1682982536375.0,1512,S,10000.0,4.220765,BTA,USD
1683054819825.0,2702,B,8000.0,4.212375000000001,BTA,USD
1683032393250.0,2344,S,4000.0,4.211535,BTA,USD
1683010463575.0,2049,S,6000.0,4.22029,BTA,USD
1683009972825.0,2034,B,4000.0,4.21873,BTA,USD
1682934792775.0,633,B,7000.0,4.220065,BTA,USD
1683056577675.0,2730,S,9000.0,4.213,BTA,USD
1682913020325.0,290,S,9000.0,4.207455,BTA,USD
1682966613325.0,1186,S,7000.0,4.21925,BTA,USD
1682996835150.0,1787,B,8000.0,4.22098,BTA,USD
1682918627250.0,386,S,4000.0,4.2121699999999995,BTA,USD
1682937070950.0,678,B,7000.0,4.220155,BTA,USD
1683054642275.0,2691,B,6000.0,4.212735,BTA,USD
1682909768725.0,233,B,5000.0,4.207775000000001,BTA,USD
1683042678650.0,2497,S,7000.0,4.216735000000001,BTA,USD
1682912657650.0,285,S,5000.0,4.207635,BTA,USD
1682993609775.0,1726,S,10000.0,4.2223,BTA,USD
1682978354175.0,1429,B,7000.0,4.21882,BTA,USD
1682905858025.0,175,B,1000.0,4.204594999999999,BTA,USD
1682973235075.0,1306,B,6000.0,4.218030000000001,BTA,USD
1682942542050.0,768,S,8000.0,4.2195149999999995,BTA,USD
1682915208325.0,326,B,2000.0,4.210015,BTA,USD
1682909397750.0,222,B,1000.0,4.208745,BTA,USD
1682918626925.0,385,S,9000.0,4.21215,BTA,USD
1682976827950.0,1387,S,4000.0,4.220504999999999,BTA,USD
1683066557125.0,2942,B,2000.0,4.21209,BTA,USD
1682974685375.0,1338,S,9000.0,4.219345,BTA,USD
1682983917850.0,1543,S,1000.0,4.22272,BTA,USD
1683062568075.0,2876,B,4000.0,4.21375,BTA,USD
1683053448950.0,2675,S,4000.0,4.21449,BTA,USD
1683017868675.0,2168,S,10000.0,4.2229149999999995,BTA,USD
1683054132475.0,2688,S,2000.0,4.21362,BTA,USD
1683036936950.0,2423,B,2000.0,4.214085,BTA,USD
1682976485375.0,1370,S,2000.0,4.2206649999999994,BTA,USD
1682904990575.0,147,B,3000.0,4.20472,BTA,USD
1683026513975.0,2275,B,3000.0,4.215034999999999,BTA,USD
1683029320975.0,2305,B,4000.0,4.214675,BTA,USD
1682997986650.0,1804,S,10000.0,4.221045,BTA,USD
1682932649750.0,578,B,9000.0,4.219914999999999,BTA,USD
1682938737225.0,707,B,6000.0,4.219295,BTA,USD
1682933349475.0,594,B,10000.0,4.219615,BTA,USD
1683035531775.0,2389,S,4000.0,4.212865,BTA,USD
1682903515975.0,122,B,10000.0,4.204895,BTA,USD
1682976535450.0,1376,B,8000.0,4.220815,BTA,USD
1683018222775.0,2174,B,1000.0,4.221835,BTA,USD
1682937976225.0,696,B,2000.0,4.2210849999999995,BTA,USD
1682960111150.0,1098,S,5000.0,4.217239999999999,BTA,USD
1682946175625.0,825,B,5000.0,4.219575,BTA,USD
1683008327675.0,1996,S,3000.0,4.220555,BTA,USD
1682992849250.0,1713,S,5000.0,4.2222349999999995,BTA,USD
1682961789975.0,1124,S,2000.0,4.216855000000001,BTA,USD
1683056136275.0,2717,B,5000.0,4.21338,BTA,USD
1683060706750.0,2827,B,3000.0,4.215415,BTA,USD
1682912114625.0,275,S,6000.0,4.2078050000000005,BTA,USD
1682970424825.0,1260,S,6000.0,4.22008,BTA,USD
1682901847575.0,85,S,5000.0,4.20473,BTA,USD
1682916413750.0,348,S,9000.0,4.211595,BTA,USD
1682995647250.0,1772,B,7000.0,4.220455,BTA,USD
1683060048250.0,2815,S,5000.0,4.214605,BTA,USD
1682944459550.0,801,S,5000.0,4.218145,BTA,USD
1682998608850.0,1820,S,8000.0,4.2198850000000006,BTA,USD
1683058804575.0,2784,S,7000.0,4.21437,BTA,USD
1682914857850.0,317,B,4000.0,4.209569999999999,BTA,USD
1682915474175.0,327,B,2000.0,4.209905,BTA,USD
1683060923575.0,2833,B,1000.0,4.215084999999999,BTA,USD
1682911070875.0,259,S,7000.0,4.20693,BTA,USD
1682902051925.0,96,B,9000.0,4.20515,BTA,USD
1682960738225.0,1111,S,4000.0,4.217885,BTA,USD
1682962809525.0,1134,S,1000.0,4.216270000000001,BTA,USD
1683011294750.0,2073,B,8000.0,4.22,BTA,USD
1682904860825.0,146,S,3000.0,4.204409999999999,BTA,USD
1682967077675.0,1188,S,3000.0,4.21859,BTA,USD
1682969835850.0,1248,B,2000.0,4.22029,BTA,USD
1682908646725.0,205,B,8000.0,4.207745,BTA,USD
1682971393875.0,1270,S,10000.0,4.220065,BTA,USD
1682953107475.0,964,S,10000.0,4.21884,BTA,USD
1682919748575.0,404,S,1000.0,4.2131050000000005,BTA,USD
1683031833825.0,2338,B,3000.0,4.212675,BTA,USD
1682981758750.0,1492,S,1000.0,4.219975000000001,BTA,USD
1682981758625.0,1491,S,9000.0,4.219955000000001,BTA,USD
1683064146050.0,2906,S,2000.0,4.21234,BTA,USD
1683000488850.0,1855,B,8000.0,4.220689999999999,BTA,USD
1683056355150.0,2723,B,7000.0,4.21283,BTA,USD
1682959403350.0,1087,B,2000.0,4.21797,BTA,USD
1683065465725.0,2922,S,6000.0,4.210615000000001,BTA,USD
1683033946750.0,2371,S,8000.0,4.212375,BTA,USD
1682985726775.0,1573,B,1000.0,4.22361,BTA,USD
1682957122625.0,1039,S,6000.0,4.218935,BTA,USD
1682987611675.0,1622,S,8000.0,4.223344999999999,BTA,USD
1682909789225.0,234,S,4000.0,4.207765,BTA,USD
1682951242025.0,943,B,9000.0,4.218355,BTA,USD
1682911409550.0,270,S,7000.0,4.20744,BTA,USD
1683041598575.0,2479,S,7000.0,4.21792,BTA,USD
1682967122050.0,1195,B,6000.0,4.2184800000000005,BTA,USD
1682950597425.0,927,S,9000.0,4.219465,BTA,USD
1682916501175.0,357,B,6000.0,4.211725,BTA,USD
1682965447625.0,1172,S,4000.0,4.218585,BTA,USD
1682912621825.0,279,B,6000.0,4.207515,BTA,USD
1682932111225.0,565,B,7000.0,4.219855,BTA,USD
1683021356450.0,2211,B,5000.0,4.217535,BTA,USD
1683010563175.0,2051,B,5000.0,4.220129999999999,BTA,USD
1682998608725.0,1819,S,2000.0,4.219865,BTA,USD
1683022336150.0,2219,S,8000.0,4.2184349999999995,BTA,USD
1682929586075.0,516,B,10000.0,4.220465,BTA,USD
1682999733425.0,1840,B,3000.0,4.2200999999999995,BTA,USD
1682939994525.0,726,B,1000.0,4.217975,BTA,USD
1683067715025.0,2967,S,7000.0,4.211805,BTA,USD
1682902051325.0,94,B,5000.0,4.20517,BTA,USD
1683005551075.0,1943,S,6000.0,4.22302,BTA,USD
1682913438450.0,293,S,2000.0,4.20728,BTA,USD
1682938684075.0,705,S,9000.0,4.219424999999999,BTA,USD
1682977618525.0,1417,B,4000.0,4.21977,BTA,USD
1683033439925.0,2357,S,8000.0,4.212104999999999,BTA,USD
1682898683375.0,24,S,7000.0,4.202205,BTA,USD
1683004638750.0,1922,S,10000.0,4.2211799999999995,BTA,USD
1682929568675.0,514,B,8000.0,4.220524999999999,BTA,USD
1683060016750.0,2811,B,9000.0,4.2146300000000005,BTA,USD
1682912709075.0,286,B,4000.0,4.207895000000001,BTA,USD
1683049705650.0,2615,B,8000.0,4.21749,BTA,USD
1683066712250.0,2945,S,6000.0,4.21117,BTA,USD
1682932649375.0,576,B,1000.0,4.219955,BTA,USD
1683035683725.0,2390,S,9000.0,4.2135549999999995,BTA,USD
1683033093975.0,2352,B,3000.0,4.211965,BTA,USD
1682917494350.0,372,S,3000.0,4.2131,BTA,USD
1683034983525.0,2379,B,7000.0,4.212755,BTA,USD
1683013870125.0,2110,S,1000.0,4.220034999999999,BTA,USD
1682954811650.0,991,B,8000.0,4.218459999999999,BTA,USD
1682922896825.0,450,B,3000.0,4.21674,BTA,USD
1682983854475.0,1538,S,5000.0,4.22218,BTA,USD
1682897646675.0,19,S,8000.0,4.20017,BTA,USD
1682976908250.0,1390,S,1000.0,4.220594999999999,BTA,USD
1682980947575.0,1482,B,6000.0,4.220665,BTA,USD
1682899719750.0,34,S,1000.0,4.203110000000001,BTA,USD
1682929961175.0,530,B,9000.0,4.219535,BTA,USD
1683036829950.0,2418,B,10000.0,4.213975,BTA,USD
1682978998650.0,1441,S,3000.0,4.2192750000000006,BTA,USD
1683051131475.0,2649,B,7000.0,4.216895,BTA,USD
1682947337375.0,858,B,2000.0,4.219815,BTA,USD
1683053449275.0,2676,S,6000.0,4.21451,BTA,USD
1682963843925.0,1152,B,5000.0,4.217499999999999,BTA,USD
1682903263675.0,114,S,5000.0,4.2038649999999995,BTA,USD
1683026846450.0,2276,S,10000.0,4.214655,BTA,USD
1682985985575.0,1576,S,6000.0,4.22297,BTA,USD
1682974429050.0,1330,B,4000.0,4.219005,BTA,USD
1682937742075.0,687,S,10000.0,4.220454999999999,BTA,USD
1683037517625.0,2436,B,7000.0,4.213585,BTA,USD
1683064015250.0,2903,B,9000.0,4.2124999999999995,BTA,USD
1683024315275.0,2245,B,8000.0,4.216775,BTA,USD
1682938950025.0,715,B,1000.0,4.219065,BTA,USD
1682995168725.0,1760,B,10000.0,4.221045,BTA,USD
1683051939875.0,2662,S,4000.0,4.214615,BTA,USD
1683011278450.0,2071,B,2000.0,4.2200999999999995,BTA,USD
1682937742325.0,689,S,3000.0,4.220485,BTA,USD
1683048704150.0,2583,B,6000.0,4.2196750000000005,BTA,USD
1682993245925.0,1723,B,2000.0,4.2223,BTA,USD
1683063899325.0,2899,S,5000.0,4.21292,BTA,USD
1683044546175.0,2533,S,3000.0,4.21648,BTA,USD
1682939654425.0,723,B,6000.0,4.218235,BTA,USD
1682920448425.0,417,B,4000.0,4.214635,BTA,USD
1683024023075.0,2239,S,3000.0,4.217935,BTA,USD
1682905803625.0,170,S,5000.0,4.203815,BTA,USD
1683009972475.0,2032,B,5000.0,4.218769999999999,BTA,USD
1682902022850.0,92,S,7000.0,4.20489,BTA,USD
1683015570850.0,2129,S,7000.0,4.221545,BTA,USD
1683034602150.0,2377,S,6000.0,4.212225,BTA,USD
1682989959325.0,1667,S,10000.0,4.223565,BTA,USD
1683061480450.0,2846,B,7000.0,4.21405,BTA,USD
1683005611050.0,1945,S,10000.0,4.22343,BTA,USD
1683056355650.0,2727,B,4000.0,4.21279,BTA,USD
1682913440375.0,296,S,10000.0,4.20732,BTA,USD
1682986936125.0,1607,S,3000.0,4.223414999999999,BTA,USD
1682906824975.0,179,B,3000.0,4.20527,BTA,USD
1683032722925.0,2346,B,1000.0,4.211625,BTA,USD
1683026125425.0,2271,B,5000.0,4.213995,BTA,USD
1683031591425.0,2332,S,2000.0,4.213445,BTA,USD
1682896706425.0,14,B,9000.0,4.19987,BTA,USD
1683049067225.0,2596,B,8000.0,4.21864,BTA,USD
1683009624275.0,2022,S,6000.0,4.21842,BTA,USD
1682951799275.0,949,S,2000.0,4.218554999999999,BTA,USD
1682908359175.0,197,S,10000.0,4.207185,BTA,USD
1682984132775.0,1549,B,7000.0,4.22309,BTA,USD
1683032884950.0,2349,S,3000.0,4.212174999999999,BTA,USD
1683043401575.0,2510,B,8000.0,4.2167449999999995,BTA,USD
1683041627475.0,2484,S,3000.0,4.218,BTA,USD
1683036941075.0,2427,S,6000.0,4.214245,BTA,USD
1683002986725.0,1880,S,4000.0,4.221375,BTA,USD
1682944459350.0,800,S,7000.0,4.218125,BTA,USD
1683012547950.0,2094,S,9000.0,4.221204999999999,BTA,USD
1682985935975.0,1575,B,2000.0,4.22314,BTA,USD
1682987184925.0,1611,S,4000.0,4.222894999999999,BTA,USD
1682935856275.0,664,S,6000.0,4.220745,BTA,USD
1682929483575.0,511,S,7000.0,4.220644999999999,BTA,USD
1683029894050.0,2309,B,1000.0,4.213895,BTA,USD
1683024022750.0,2238,S,8000.0,4.217915,BTA,USD
1683058543850.0,2777,B,6000.0,4.213505,BTA,USD
1682974345475.0,1328,B,8000.0,4.219195,BTA,USD
1683001271250.0,1867,S,8000.0,4.2207,BTA,USD
1683032393575.0,2345,S,2000.0,4.211555,BTA,USD
1682988273775.0,1641,B,7000.0,4.22443,BTA,USD
1682921130250.0,433,B,4000.0,4.215685,BTA,USD
1682901896575.0,87,S,5000.0,4.2049,BTA,USD
1682929627250.0,520,S,6000.0,4.220384999999999,BTA,USD
1683006643250.0,1970,B,8000.0,4.221735,BTA,USD
1682982906775.0,1527,B,2000.0,4.2214350000000005,BTA,USD
1682976008825.0,1359,B,7000.0,4.22083,BTA,USD
1682986816350.0,1594,B,3000.0,4.223515,BTA,USD
1682991061825.0,1686,B,4000.0,4.22264,BTA,USD
1683018265775.0,2177,B,7000.0,4.221565,BTA,USD
1682995168050.0,1757,B,9000.0,4.221095,BTA,USD
1683016867225.0,2148,B,5000.0,4.221425,BTA,USD
1683063271750.0,2884,S,7000.0,4.2125449999999995,BTA,USD
1683036986550.0,2428,B,9000.0,4.214315,BTA,USD
1682900417050.0,48,S,10000.0,4.202394999999999,BTA,USD
1682995464525.0,1764,S,9000.0,4.220775,BTA,USD
1682914871775.0,318,S,5000.0,4.20972,BTA,USD
1683049772275.0,2619,B,9000.0,4.21767,BTA,USD
1683043890075.0,2514,S,2000.0,4.216805000000001,BTA,USD
1683004361250.0,1913,B,7000.0,4.2209900000000005,BTA,USD
1683006433075.0,1962,S,3000.0,4.221565,BTA,USD
1682960709150.0,1107,S,4000.0,4.217965,BTA,USD
1682950692375.0,932,S,8000.0,4.219295,BTA,USD
1682957122925.0,1041,S,8000.0,4.218965000000001,BTA,USD
1682925551775.0,475,B,10000.0,4.218665,BTA,USD
1682994079350.0,1736,S,9000.0,4.22258,BTA,USD
1682900587450.0,56,B,8000.0,4.202415,BTA,USD
1683010616250.0,2058,S,4000.0,4.22039,BTA,USD
1682916864650.0,364,B,7000.0,4.212405,BTA,USD
1682947336275.0,857,B,2000.0,4.219825,BTA,USD
1683011806750.0,2079,B,9000.0,4.220985,BTA,USD
1682994282575.0,1742,S,9000.0,4.2223,BTA,USD
1682985036675.0,1566,B,1000.0,4.223355,BTA,USD
1682975601550.0,1353,S,9000.0,4.22034,BTA,USD
1682932649225.0,575,B,7000.0,4.219965,BTA,USD
1682992020450.0,1700,S,8000.0,4.222315,BTA,USD
1683026153950.0,2272,S,10000.0,4.214225,BTA,USD
1682903264925.0,117,S,3000.0,4.203905,BTA,USD
1682945266125.0,814,B,4000.0,4.218385,BTA,USD
1683060047850.0,2814,S,1000.0,4.214585,BTA,USD
1682991062625.0,1689,B,7000.0,4.22259,BTA,USD
1683046569350.0,2553,B,5000.0,4.21704,BTA,USD
1682919428075.0,400,S,6000.0,4.21252,BTA,USD
1683023734375.0,2230,B,3000.0,4.217845,BTA,USD
1682934816925.0,634,S,3000.0,4.2201949999999995,BTA,USD
1683030027375.0,2315,B,1000.0,4.213435,BTA,USD
1683008244325.0,1995,B,10000.0,4.220115,BTA,USD
1683050107225.0,2629,S,3000.0,4.216810000000001,BTA,USD
1682994647575.0,1747,B,3000.0,4.22082,BTA,USD
1682941899950.0,752,B,3000.0,4.219295,BTA,USD
1682929960950.0,528,B,6000.0,4.219565,BTA,USD
1682913438950.0,294,S,2000.0,4.20729,BTA,USD
1683049486025.0,2613,B,4000.0,4.21793,BTA,USD
1683055733225.0,2715,S,9000.0,4.213185,BTA,USD
1682955239325.0,993,S,1000.0,4.218170000000001,BTA,USD
1683058031350.0,2768,S,4000.0,4.213955,BTA,USD
1682990717750.0,1680,B,4000.0,4.2218100000000005,BTA,USD
1683051086475.0,2647,B,8000.0,4.217115000000001,BTA,USD
1682909554475.0,227,B,9000.0,4.207865,BTA,USD
1682994251575.0,1740,S,5000.0,4.2223,BTA,USD
1682922896050.0,446,B,8000.0,4.21681,BTA,USD
1682895732275.0,0,B,3000.0,4.199725,BTA,USD
1682933115050.0,583,B,6000.0,4.219555,BTA,USD
1682968743650.0,1223,S,6000.0,4.218795,BTA,USD
1683066806950.0,2949,B,7000.0,4.21103,BTA,USD
1683062334450.0,2865,B,7000.0,4.21368,BTA,USD
1682961790075.0,1125,S,5000.0,4.216865,BTA,USD
1682982104850.0,1508,B,1000.0,4.221175,BTA,USD
1683036936825.0,2422,B,4000.0,4.214105,BTA,USD
1683003450450.0,1893,B,7000.0,4.221675,BTA,USD
1683054654325.0,2694,B,8000.0,4.2124950000000005,BTA,USD
1683056911875.0,2743,B,10000.0,4.21305,BTA,USD
1682988490725.0,1646,S,9000.0,4.22361,BTA,USD
1682993603275.0,1725,B,3000.0,4.2222599999999995,BTA,USD
1683029357775.0,2307,B,5000.0,4.2145649999999995,BTA,USD
1682968743925.0,1224,S,2000.0,4.218805,BTA,USD
1682914771725.0,313,S,10000.0,4.2095400000000005,BTA,USD
1682933783025.0,606,B,2000.0,4.219245,BTA,USD
1682921490150.0,437,S,4000.0,4.217005,BTA,USD
1683035284750.0,2384,S,10000.0,4.213545,BTA,USD
1682975155875.0,1349,S,7000.0,4.21971,BTA,USD
1683008327750.0,1997,S,10000.0,4.220565000000001,BTA,USD
1683067596350.0,2965,B,10000.0,4.212395,BTA,USD
1683052570975.0,2668,S,2000.0,4.21442,BTA,USD
1682908653575.0,206,S,10000.0,4.207575,BTA,USD
1682901455650.0,78,S,1000.0,4.20435,BTA,USD
1683061375125.0,2837,B,9000.0,4.21454,BTA,USD
1682899719575.0,33,S,7000.0,4.20309,BTA,USD
1683049324850.0,2608,B,2000.0,4.21695,BTA,USD
1682919002650.0,398,S,3000.0,4.21242,BTA,USD
1682972655050.0,1289,S,10000.0,4.217569999999999,BTA,USD
1682902568375.0,104,B,4000.0,4.2038,BTA,USD
1682985384625.0,1568,S,10000.0,4.2232400000000005,BTA,USD
1683005538475.0,1941,S,7000.0,4.22279,BTA,USD
1683004638975.0,1924,S,2000.0,4.22121,BTA,USD
1682973553825.0,1314,S,6000.0,4.2188799999999995,BTA,USD
1682974090925.0,1319,S,6000.0,4.219914999999999,BTA,USD
1683002677825.0,1873,B,5000.0,4.220805,BTA,USD
1683033462450.0,2359,S,1000.0,4.2121949999999995,BTA,USD
1683033177250.0,2354,B,3000.0,4.211575,BTA,USD
1682920087575.0,411,S,3000.0,4.214065000000001,BTA,USD
1682957983225.0,1060,S,8000.0,4.217725000000001,BTA,USD
1682939561750.0,722,B,2000.0,4.218355,BTA,USD
1682901101275.0,75,S,2000.0,4.203265,BTA,USD
1682984323550.0,1555,B,3000.0,4.223515,BTA,USD
1683018624475.0,2188,S,5000.0,4.221814999999999,BTA,USD
1682932868175.0,580,B,10000.0,4.219525,BTA,USD
1683018124475.0,2172,B,7000.0,4.2222349999999995,BTA,USD
1682964547875.0,1155,B,4000.0,4.2183150000000005,BTA,USD
1682991062025.0,1687,B,4000.0,4.2226300000000005,BTA,USD
1682940830050.0,738,B,9000.0,4.217655,BTA,USD
1682987782925.0,1629,S,4000.0,4.2232449999999995,BTA,USD
1682933494950.0,596,S,8000.0,4.219265,BTA,USD
1683024315425.0,2246,B,3000.0,4.216765,BTA,USD
1682924202975.0,464,B,8000.0,4.217779999999999,BTA,USD
1683053979875.0,2686,B,7000.0,4.213360000000001,BTA,USD
1682976908050.0,1389,S,2000.0,4.220574999999999,BTA,USD
1682975661025.0,1356,B,2000.0,4.22011,BTA,USD
1683008638875.0,2009,S,5000.0,4.21983,BTA,USD
1683008411950.0,1999,S,10000.0,4.220565000000001,BTA,USD
1683023756350.0,2232,S,10000.0,4.217905,BTA,USD
1682906883475.0,182,S,7000.0,4.2056000000000004,BTA,USD
1682926101775.0,478,B,6000.0,4.217874999999999,BTA,USD
1682988092850.0,1632,S,8000.0,4.22433,BTA,USD
1682983854175.0,1536,S,1000.0,4.22215,BTA,USD
1682931850125.0,556,B,10000.0,4.2193249999999995,BTA,USD
1683010146525.0,2039,S,9000.0,4.2194400000000005,BTA,USD
1682919229975.0,399,B,5000.0,4.21264,BTA,USD
1682958975725.0,1081,B,6000.0,4.21779,BTA,USD
1683050354025.0,2633,S,10000.0,4.21776,BTA,USD
1682905202350.0,157,S,2000.0,4.20416,BTA,USD
1682956603575.0,1028,S,10000.0,4.219185,BTA,USD
1682947676650.0,878,B,6000.0,4.219094999999999,BTA,USD
1682900417125.0,49,S,3000.0,4.202405,BTA,USD
1682963453550.0,1149,B,4000.0,4.21767,BTA,USD
1682988490650.0,1645,S,7000.0,4.2236,BTA,USD
1683060500650.0,2826,B,7000.0,4.215415,BTA,USD
1682962076050.0,1127,B,1000.0,4.216425,BTA,USD
1682939013225.0,719,S,10000.0,4.219015,BTA,USD
1682937975775.0,692,B,3000.0,4.221145,BTA,USD
1682900631250.0,62,S,1000.0,4.2021749999999995,BTA,USD
1682974251825.0,1325,B,8000.0,4.218925,BTA,USD
1682905679850.0,167,B,6000.0,4.204425,BTA,USD
1682976672950.0,1384,B,3000.0,4.220815,BTA,USD
1682940990025.0,741,S,5000.0,4.2178949999999995,BTA,USD
1683052319525.0,2666,B,6000.0,4.2149350000000005,BTA,USD
1683057636350.0,2748,S,2000.0,4.213605,BTA,USD
1682993174125.0,1721,B,5000.0,4.2222599999999995,BTA,USD
1682922896425.0,448,B,5000.0,4.2167699999999995,BTA,USD
1682951064975.0,935,B,3000.0,4.219075,BTA,USD
1682916413875.0,349,S,5000.0,4.2116050000000005,BTA,USD
1682965930925.0,1176,B,2000.0,4.218885,BTA,USD
1682983442275.0,1533,S,1000.0,4.2211099999999995,BTA,USD
1682958587925.0,1078,S,5000.0,4.21729,BTA,USD
1682980550475.0,1469,B,1000.0,4.2207300000000005,BTA,USD
1682962810275.0,1136,S,9000.0,4.2163,BTA,USD
1682988105525.0,1636,S,7000.0,4.22432,BTA,USD
1682962203375.0,1128,B,2000.0,4.215995,BTA,USD
1682953531125.0,971,B,8000.0,4.220149999999999,BTA,USD
1682899460175.0,32,B,8000.0,4.20271,BTA,USD
1682988093075.0,1633,S,10000.0,4.22435,BTA,USD
1682921150625.0,436,S,3000.0,4.2158750000000005,BTA,USD
1683008165075.0,1994,B,7000.0,4.220055,BTA,USD
1683054740725.0,2698,B,1000.0,4.212415,BTA,USD
1682902652225.0,110,S,5000.0,4.20366,BTA,USD
1683062355750.0,2869,S,2000.0,4.2137,BTA,USD
1682910448550.0,246,B,9000.0,4.20741,BTA,USD
1683018624950.0,2190,S,5000.0,4.221835,BTA,USD
1682981993825.0,1501,S,6000.0,4.220675,BTA,USD
1682931849725.0,554,B,3000.0,4.219355,BTA,USD
1682900589850.0,61,B,4000.0,4.202335,BTA,USD
1682990311875.0,1670,S,1000.0,4.222785,BTA,USD
1682944406475.0,798,S,1000.0,4.218355,BTA,USD
1682929213225.0,505,S,7000.0,4.219905,BTA,USD
1682920448575.0,418,B,4000.0,4.214625,BTA,USD
1683005851875.0,1949,S,7000.0,4.22295,BTA,USD
1683062355650.0,2868,S,8000.0,4.21369,BTA,USD
1682969803650.0,1243,B,7000.0,4.2204,BTA,USD
1682985385275.0,1570,S,1000.0,4.22327,BTA,USD
1683010127850.0,2038,S,1000.0,4.21922,BTA,USD
1682940346975.0,734,S,3000.0,4.218355,BTA,USD
1682934598725.0,627,B,2000.0,4.219914999999999,BTA,USD
1683034356625.0,2374,S,5000.0,4.212075,BTA,USD
1683039830150.0,2455,S,10000.0,4.21773,BTA,USD
1682929625275.0,517,S,9000.0,4.220345,BTA,USD
1683058031225.0,2767,S,4000.0,4.213935,BTA,USD
1682934598175.0,624,B,4000.0,4.219965,BTA,USD
1682935807225.0,660,S,9000.0,4.220364999999999,BTA,USD
1682946499450.0,840,B,3000.0,4.218965,BTA,USD
1682977593775.0,1415,B,4000.0,4.220269999999999,BTA,USD
1683003252050.0,1886,B,1000.0,4.221185,BTA,USD
1683033469725.0,2362,S,1000.0,4.2123349999999995,BTA,USD
1683055320625.0,2706,S,3000.0,4.212925,BTA,USD
1683057187350.0,2744,S,8000.0,4.21325,BTA,USD
1683059336875.0,2792,S,2000.0,4.214799999999999,BTA,USD
1683044067250.0,2517,B,10000.0,4.216895,BTA,USD
1683003936225.0,1904,B,10000.0,4.2213400000000005,BTA,USD
1683058563525.0,2782,S,5000.0,4.213455,BTA,USD
1682958647450.0,1080,S,8000.0,4.21725,BTA,USD
1683031511750.0,2327,S,3000.0,4.213755,BTA,USD
1682995647125.0,1771,B,3000.0,4.220465,BTA,USD
1682957122575.0,1038,S,6000.0,4.218915000000001,BTA,USD
1682992285850.0,1705,B,9000.0,4.222135,BTA,USD
1682963453050.0,1145,B,6000.0,4.21772,BTA,USD
1683009956050.0,2027,B,3000.0,4.2188099999999995,BTA,USD
1682982728975.0,1523,S,10000.0,4.2212950000000005,BTA,USD
1683066910150.0,2952,B,3000.0,4.2109000000000005,BTA,USD
1682971132250.0,1269,S,9000.0,4.219915,BTA,USD
1682935696325.0,653,S,2000.0,4.2204049999999995,BTA,USD
1683047170875.0,2558,B,4000.0,4.218135,BTA,USD
1683037517825.0,2437,B,2000.0,4.213565,BTA,USD
1682923436150.0,456,B,2000.0,4.21718,BTA,USD
1682974920450.0,1345,S,4000.0,4.219825,BTA,USD
1682942051675.0,757,B,9000.0,4.219405,BTA,USD
1683038047225.0,2443,S,2000.0,4.215375,BTA,USD
1682916295775.0,345,B,10000.0,4.211335,BTA,USD
1682957924050.0,1056,B,10000.0,4.218195,BTA,USD
1682986914850.0,1605,B,6000.0,4.223655,BTA,USD
1683000238775.0,1851,B,10000.0,4.220619999999999,BTA,USD
1682932649550.0,577,B,9000.0,4.2199349999999995,BTA,USD
1683063592550.0,2891,B,4000.0,4.213325,BTA,USD
1682949038150.0,910,B,9000.0,4.219575,BTA,USD
1682995856325.0,1773,S,1000.0,4.220585,BTA,USD
1683051889625.0,2658,S,8000.0,4.2147250000000005,BTA,USD
1682979942925.0,1454,S,3000.0,4.22062,BTA,USD
1682982104750.0,1507,B,1000.0,4.221185,BTA,USD
1682991977575.0,1699,S,5000.0,4.222015,BTA,USD
1682937101250.0,680,S,5000.0,4.220065,BTA,USD
1682990414225.0,1672,B,5000.0,4.222840000000001,BTA,USD
1682958587750.0,1077,S,5000.0,4.21727,BTA,USD
1682973338075.0,1310,S,9000.0,4.21831,BTA,USD
1682997564750.0,1799,S,4000.0,4.22065,BTA,USD
1682973178325.0,1298,S,8000.0,4.21784,BTA,USD
1682968017725.0,1211,B,7000.0,4.218325,BTA,USD
1682922149850.0,441,S,5000.0,4.21713,BTA,USD
1683048946375.0,2590,B,5000.0,4.21932,BTA,USD
1682946567275.0,842,B,9000.0,4.2192549999999995,BTA,USD
1682902570275.0,106,B,4000.0,4.20366,BTA,USD
1682960111025.0,1097,S,2000.0,4.21722,BTA,USD
1683033603150.0,2365,B,3000.0,4.212085,BTA,USD
1683024023225.0,2240,S,3000.0,4.217955,BTA,USD
1682909235975.0,220,S,2000.0,4.208595,BTA,USD
1682978307325.0,1424,B,7000.0,4.218859999999999,BTA,USD
1682934266550.0,611,B,7000.0,4.219965,BTA,USD
1683036940525.0,2424,S,6000.0,4.214194999999999,BTA,USD
1682947584275.0,875,S,5000.0,4.219214999999999,BTA,USD
1683067411650.0,2960,S,6000.0,4.211735,BTA,USD
1683058031125.0,2766,S,1000.0,4.213925,BTA,USD
1682938950250.0,716,B,6000.0,4.219055,BTA,USD
1683065921425.0,2935,S,7000.0,4.211825,BTA,USD
1682997578475.0,1800,B,6000.0,4.220470000000001,BTA,USD
1683041767325.0,2489,S,3000.0,4.217960000000001,BTA,USD
1683045624525.0,2548,B,6000.0,4.2174000000000005,BTA,USD
1682944736275.0,803,B,4000.0,4.218115,BTA,USD
1682965702425.0,1173,S,3000.0,4.219045,BTA,USD
1683057844450.0,2757,B,5000.0,4.2141649999999995,BTA,USD
1682946187425.0,832,B,3000.0,4.219605,BTA,USD
1683053979925.0,2687,B,4000.0,4.21335,BTA,USD
1682947698750.0,881,S,6000.0,4.219205,BTA,USD
1683035780875.0,2392,S,3000.0,4.213615,BTA,USD
1682953138575.0,965,S,2000.0,4.21912,BTA,USD
1682987782550.0,1626,S,10000.0,4.223195,BTA,USD
1682907585750.0,191,B,8000.0,4.20698,BTA,USD
1682982646650.0,1520,B,6000.0,4.221795,BTA,USD
1682903540650.0,124,S,4000.0,4.204765,BTA,USD
1682940072750.0,727,B,3000.0,4.217735,BTA,USD
1682922933175.0,452,S,3000.0,4.217230000000001,BTA,USD
1682979943125.0,1455,S,6000.0,4.22063,BTA,USD
1682902051575.0,95,B,5000.0,4.20516,BTA,USD
1682974889975.0,1344,S,5000.0,4.219735,BTA,USD
1683018124575.0,2173,B,1000.0,4.222214999999999,BTA,USD
1682970216625.0,1257,B,4000.0,4.22031,BTA,USD
1682925112275.0,472,S,1000.0,4.218920000000001,BTA,USD
1682967603175.0,1200,S,5000.0,4.21915,BTA,USD
1683028734525.0,2302,S,9000.0,4.214925,BTA,USD
1682922933050.0,451,S,1000.0,4.21722,BTA,USD
1682934597675.0,621,B,7000.0,4.220015,BTA,USD
1682912017675.0,274,B,2000.0,4.207595,BTA,USD
1683008412325.0,2002,S,9000.0,4.220605000000001,BTA,USD
1682992708325.0,1710,B,1000.0,4.222494999999999,BTA,USD
1682904396125.0,138,B,7000.0,4.204470000000001,BTA,USD
1683035472650.0,2386,S,3000.0,4.212845,BTA,USD
1683057844675.0,2758,B,3000.0,4.214144999999999,BTA,USD
1683014902750.0,2118,B,1000.0,4.221064999999999,BTA,USD
1682996555575.0,1779,B,2000.0,4.22078,BTA,USD
1683041623275.0,2482,S,4000.0,4.217890000000001,BTA,USD
1682987186175.0,1617,S,5000.0,4.2229849999999995,BTA,USD
1683006014875.0,1950,B,1000.0,4.222315,BTA,USD
1682914383775.0,310,B,4000.0,4.20916,BTA,USD
1683049038150.0,2594,B,3000.0,4.21901,BTA,USD
1682948381675.0,898,S,3000.0,4.218995,BTA,USD
1682996944725.0,1794,S,6000.0,4.220829999999999,BTA,USD
1683010567650.0,2053,S,4000.0,4.2203,BTA,USD
1682979124125.0,1448,B,3000.0,4.219465,BTA,USD
1682935605150.0,652,S,10000.0,4.220384999999999,BTA,USD
1682942641275.0,771,B,5000.0,4.220095,BTA,USD
1683067433525.0,2963,B,10000.0,4.212045,BTA,USD
1683063725225.0,2894,B,5000.0,4.212795,BTA,USD
1682931395125.0,551,S,3000.0,4.220135,BTA,USD
1682983442850.0,1535,S,5000.0,4.22114,BTA,USD
1682909554325.0,226,B,6000.0,4.207885,BTA,USD
1683056911775.0,2742,B,10000.0,4.21306,BTA,USD
1683036037325.0,2396,B,2000.0,4.214015,BTA,USD
1682977445925.0,1403,B,8000.0,4.220549999999999,BTA,USD
1682936874575.0,676,S,9000.0,4.220445,BTA,USD
1682974118775.0,1322,B,6000.0,4.219824999999999,BTA,USD
1683000238625.0,1850,B,4000.0,4.22063,BTA,USD
1683065429325.0,2921,S,6000.0,4.210715,BTA,USD
1683010149550.0,2040,S,7000.0,4.21959,BTA,USD
1682920087725.0,413,S,9000.0,4.214095,BTA,USD
1683057968450.0,2763,S,8000.0,4.213735,BTA,USD
1682937594250.0,684,S,4000.0,4.220775,BTA,USD
1683003453925.0,1894,S,2000.0,4.221695,BTA,USD
1683057879075.0,2761,S,3000.0,4.2140949999999995,BTA,USD
1682936622550.0,671,S,4000.0,4.220845,BTA,USD
1682969287325.0,1233,B,10000.0,4.219435000000001,BTA,USD
1682913492750.0,298,S,4000.0,4.207800000000001,BTA,USD
1682972009725.0,1284,S,5000.0,4.2185049999999995,BTA,USD
1682987612825.0,1623,S,1000.0,4.223355,BTA,USD
1682977527675.0,1408,B,6000.0,4.2200999999999995,BTA,USD
1682899328050.0,30,B,4000.0,4.20297,BTA,USD
1683030647475.0,2321,S,4000.0,4.214935,BTA,USD
1682909814150.0,236,B,1000.0,4.207815,BTA,USD
1682933447950.0,595,B,10000.0,4.219535,BTA,USD
1682980311050.0,1460,B,9000.0,4.22116,BTA,USD
1683007971225.0,1990,B,2000.0,4.221165,BTA,USD
1682938684150.0,706,S,5000.0,4.2194449999999994,BTA,USD
1682921150250.0,434,S,4000.0,4.215845000000001,BTA,USD
1683015141275.0,2120,B,6000.0,4.221425,BTA,USD
1682908364175.0,200,B,3000.0,4.207175,BTA,USD
1683056876850.0,2739,S,7000.0,4.213,BTA,USD
1683009972375.0,2031,B,1000.0,4.21878,BTA,USD
1683013279250.0,2104,B,5000.0,4.220185,BTA,USD
1682931319050.0,546,B,6000.0,4.219945,BTA,USD
1683051939475.0,2660,S,8000.0,4.214595,BTA,USD
1683009512350.0,2020,B,2000.0,4.218089999999999,BTA,USD
1683042718075.0,2499,S,5000.0,4.216775,BTA,USD
1682995308225.0,1761,S,4000.0,4.220705,BTA,USD
1682974607325.0,1333,B,3000.0,4.218875,BTA,USD
1683040979725.0,2473,S,9000.0,4.21795,BTA,USD
1683037499550.0,2435,B,2000.0,4.213965,BTA,USD
1683049324750.0,2607,B,1000.0,4.216959999999999,BTA,USD
1682971546225.0,1277,S,6000.0,4.220065,BTA,USD
1683024837525.0,2254,B,3000.0,4.216105,BTA,USD
1683055548050.0,2711,B,3000.0,4.212485,BTA,USD
1683052571050.0,2669,S,10000.0,4.21443,BTA,USD
1682945457475.0,816,S,6000.0,4.2189749999999995,BTA,USD
1682945738150.0,821,S,4000.0,4.219055,BTA,USD
1683011129850.0,2069,B,10000.0,4.2204,BTA,USD
1683007748025.0,1986,B,1000.0,4.2221649999999995,BTA,USD
1682973124950.0,1297,B,4000.0,4.21759,BTA,USD
1683049485550.0,2611,B,7000.0,4.21795,BTA,USD
1682959182550.0,1084,B,8000.0,4.21851,BTA,USD
1682957967450.0,1058,B,10000.0,4.217875,BTA,USD
1683023025450.0,2224,S,7000.0,4.219245,BTA,USD
1682908468150.0,201,S,4000.0,4.207205,BTA,USD
1683021669825.0,2216,S,1000.0,4.218525,BTA,USD
1683062568550.0,2878,B,2000.0,4.21372,BTA,USD
1682950596050.0,924,S,9000.0,4.219415,BTA,USD
1682996674625.0,1780,S,7000.0,4.2211799999999995,BTA,USD
1682993151475.0,1717,B,1000.0,4.222505,BTA,USD
1683044457175.0,2528,B,2000.0,4.216585,BTA,USD
1682940673975.0,736,B,2000.0,4.217795,BTA,USD
1683003454075.0,1895,S,8000.0,4.2217150000000006,BTA,USD
1683049237050.0,2602,B,9000.0,4.21762,BTA,USD
1682931146575.0,545,S,10000.0,4.220565,BTA,USD
1683021941925.0,2218,S,8000.0,4.218525,BTA,USD
1682978859875.0,1439,B,2000.0,4.219515,BTA,USD
1682967121950.0,1194,B,8000.0,4.218500000000001,BTA,USD
1682947603025.0,876,B,5000.0,4.218965,BTA,USD
1682934267025.0,613,B,6000.0,4.219945,BTA,USD
1682935752850.0,658,B,9000.0,4.220454999999999,BTA,USD
1683028628725.0,2299,B,5000.0,4.215025,BTA,USD
1682961739450.0,1122,B,9000.0,4.217055,BTA,USD
1682901455525.0,77,S,2000.0,4.20433,BTA,USD
1682952925825.0,961,S,10000.0,4.21872,BTA,USD
1682979019450.0,1444,S,9000.0,4.219575000000001,BTA,USD
1682990414450.0,1673,B,9000.0,4.2228200000000005,BTA,USD
1683056876625.0,2737,S,6000.0,4.21298,BTA,USD
1682926439175.0,479,S,7000.0,4.219304999999999,BTA,USD
1682939994375.0,724,B,5000.0,4.218014999999999,BTA,USD
1682986530325.0,1589,S,3000.0,4.22388,BTA,USD
1682903524050.0,123,S,1000.0,4.204635,BTA,USD
1682998584275.0,1815,B,6000.0,4.219945,BTA,USD
1683021669650.0,2215,S,3000.0,4.218515,BTA,USD
1682988755425.0,1656,S,7000.0,4.22388,BTA,USD
1683029320650.0,2303,B,5000.0,4.2147049999999995,BTA,USD
1682943168850.0,778,B,7000.0,4.220295,BTA,USD
1682986831625.0,1602,S,3000.0,4.223405,BTA,USD
1682978422025.0,1431,B,10000.0,4.21866,BTA,USD
1682913674225.0,303,B,4000.0,4.20796,BTA,USD
1682954351175.0,978,B,2000.0,4.219449999999999,BTA,USD
1682920679425.0,420,S,2000.0,4.215565000000001,BTA,USD
1682982646575.0,1519,B,8000.0,4.221815,BTA,USD
1683014234825.0,2115,S,7000.0,4.220145,BTA,USD
1682965931150.0,1177,B,4000.0,4.218875000000001,BTA,USD
1682918822775.0,391,S,9000.0,4.21251,BTA,USD
1682900054350.0,37,S,3000.0,4.2026200000000005,BTA,USD
1682943713775.0,791,B,4000.0,4.218475,BTA,USD
1683063885725.0,2897,B,10000.0,4.21293,BTA,USD
1682896808475.0,15,S,7000.0,4.19978,BTA,USD
1683045200450.0,2545,S,8000.0,4.2165,BTA,USD
1682929855650.0,527,B,7000.0,4.219735,BTA,USD
1682974090450.0,1317,S,9000.0,4.219875,BTA,USD
1682918823950.0,394,S,9000.0,4.21254,BTA,USD
1682996944675.0,1793,S,10000.0,4.22081,BTA,USD
1682949603850.0,916,B,8000.0,4.219105,BTA,USD
1683004638350.0,1919,S,7000.0,4.22114,BTA,USD
1682962286325.0,1129,S,8000.0,4.216565,BTA,USD
1683052519775.0,2667,B,10000.0,4.214205000000001,BTA,USD
1682956143450.0,1011,B,3000.0,4.2185749999999995,BTA,USD
1682994820250.0,1752,B,6000.0,4.220695,BTA,USD
1683038802050.0,2447,B,2000.0,4.215395,BTA,USD
1682966549950.0,1182,S,6000.0,4.2194199999999995,BTA,USD
1683051331175.0,2651,S,9000.0,4.217015,BTA,USD
1682920679025.0,419,S,5000.0,4.215555,BTA,USD
1683004638225.0,1918,S,3000.0,4.22112,BTA,USD
1682990738175.0,1681,S,5000.0,4.221819999999999,BTA,USD
1683033469550.0,2361,S,6000.0,4.212325,BTA,USD
1683047573275.0,2570,B,5000.0,4.218265,BTA,USD
1682929213425.0,507,S,7000.0,4.2199349999999995,BTA,USD
1682990591925.0,1675,S,6000.0,4.22255,BTA,USD
1683047278725.0,2560,S,3000.0,4.218265000000001,BTA,USD
1682933114825.0,582,B,7000.0,4.219575,BTA,USD
1683033674575.0,2366,S,4000.0,4.2122649999999995,BTA,USD
1682998591725.0,1817,B,3000.0,4.219855,BTA,USD
1682977076775.0,1397,B,5000.0,4.220765,BTA,USD
1682911010725.0,257,B,3000.0,4.206910000000001,BTA,USD
1682997578550.0,1801,B,2000.0,4.2204500000000005,BTA,USD
1682973234425.0,1302,B,2000.0,4.21809,BTA,USD
1682934598625.0,626,B,7000.0,4.2199349999999995,BTA,USD
1682936666525.0,675,B,10000.0,4.220625,BTA,USD
1682993610375.0,1730,S,3000.0,4.22236,BTA,USD
1683039161875.0,2452,S,5000.0,4.215870000000001,BTA,USD
1682908654750.0,209,S,1000.0,4.207625,BTA,USD
1682926837975.0,484,B,10000.0,4.219965,BTA,USD
1682976220325.0,1368,S,3000.0,4.220885,BTA,USD
1682920365650.0,415,S,8000.0,4.214305,BTA,USD
1682986829475.0,1596,S,2000.0,4.223305,BTA,USD
1682938781725.0,709,B,10000.0,4.219495,BTA,USD
1682931395075.0,550,S,9000.0,4.2201249999999995,BTA,USD
1683018845275.0,2192,B,5000.0,4.221685,BTA,USD
1683044519250.0,2530,B,8000.0,4.216625,BTA,USD
1683042833225.0,2506,S,8000.0,4.216785000000001,BTA,USD
1683025112950.0,2257,B,7000.0,4.215765,BTA,USD
1682961739575.0,1123,B,6000.0,4.217045,BTA,USD
1682916413425.0,346,S,9000.0,4.211555000000001,BTA,USD
1683007576150.0,1984,B,3000.0,4.2228449999999995,BTA,USD
1683065821550.0,2927,S,8000.0,4.211765000000001,BTA,USD
1683009899350.0,2026,S,8000.0,4.218850000000001,BTA,USD
1683059727350.0,2801,B,3000.0,4.2138800000000005,BTA,USD
1683051086225.0,2646,B,3000.0,4.217125,BTA,USD
1683012547875.0,2093,S,5000.0,4.221184999999999,BTA,USD
1683019419575.0,2203,B,4000.0,4.220675,BTA,USD
1683012258750.0,2087,B,2000.0,4.220454999999999,BTA,USD
1682916457850.0,356,B,7000.0,4.211485,BTA,USD
1682908468225.0,202,S,4000.0,4.207225,BTA,USD
1683020469750.0,2207,S,8000.0,4.219144999999999,BTA,USD
1682999122575.0,1826,S,2000.0,4.220165000000001,BTA,USD
1683047127675.0,2557,S,5000.0,4.218015,BTA,USD
1682996708150.0,1783,S,8000.0,4.22124,BTA,USD
1683008417425.0,2003,B,1000.0,4.220565,BTA,USD
1682900054575.0,38,S,9000.0,4.20263,BTA,USD
1682958151675.0,1069,B,9000.0,4.21767,BTA,USD
1682981264950.0,1487,B,7000.0,4.220475,BTA,USD
1682990738575.0,1682,S,6000.0,4.221839999999999,BTA,USD
1682961306550.0,1117,B,5000.0,4.217855,BTA,USD
1682927666075.0,490,S,2000.0,4.221445,BTA,USD
1682929409650.0,509,S,4000.0,4.220045,BTA,USD
1683009737825.0,2025,S,1000.0,4.21898,BTA,USD
1683025764475.0,2266,S,2000.0,4.215224999999999,BTA,USD
1683037036350.0,2430,S,10000.0,4.214465,BTA,USD
1682905802975.0,168,S,10000.0,4.203785,BTA,USD
1682926089775.0,476,B,9000.0,4.218055,BTA,USD
1683018845825.0,2193,B,4000.0,4.221665,BTA,USD
1682930269625.0,539,S,7000.0,4.220104999999999,BTA,USD
1683024013825.0,2234,S,7000.0,4.217854999999999,BTA,USD
1683063725050.0,2892,B,7000.0,4.212825,BTA,USD
1682916015475.0,338,S,5000.0,4.210425,BTA,USD
1682918836775.0,395,S,6000.0,4.21265,BTA,USD
1682990613850.0,1677,B,4000.0,4.22245,BTA,USD
1683036900250.0,2420,S,10000.0,4.213685,BTA,USD
1682896948650.0,16,B,4000.0,4.19976,BTA,USD
1682968420475.0,1214,S,3000.0,4.2182450000000005,BTA,USD
1682919002450.0,397,S,9000.0,4.2124,BTA,USD
1682909236225.0,221,S,2000.0,4.208615,BTA,USD
1683033489750.0,2363,B,8000.0,4.212135,BTA,USD
1682942362725.0,761,S,3000.0,4.219245,BTA,USD
1682985727125.0,1574,B,7000.0,4.22359,BTA,USD
1682914087650.0,305,S,9000.0,4.20871,BTA,USD
1683034602225.0,2378,S,8000.0,4.212235,BTA,USD
1682977406725.0,1402,S,8000.0,4.220034999999999,BTA,USD
1682918823025.0,392,S,1000.0,4.21252,BTA,USD
1682948826825.0,905,B,3000.0,4.219215,BTA,USD
1683018459550.0,2185,S,5000.0,4.2220249999999995,BTA,USD
1683054741050.0,2701,B,10000.0,4.212365,BTA,USD
1682968586675.0,1218,S,1000.0,4.218285,BTA,USD
1683029320750.0,2304,B,1000.0,4.214685,BTA,USD
1683049217550.0,2601,B,1000.0,4.21779,BTA,USD
1683034983675.0,2380,B,5000.0,4.212745,BTA,USD
1682978280850.0,1421,B,6000.0,4.2191,BTA,USD
1683037006450.0,2429,B,2000.0,4.213895,BTA,USD
1682981610550.0,1488,B,10000.0,4.220575,BTA,USD
1683058447725.0,2772,S,2000.0,4.213775,BTA,USD
1682973179075.0,1299,S,8000.0,4.217849999999999,BTA,USD
1683038046675.0,2442,S,10000.0,4.215355,BTA,USD
1683045241275.0,2547,B,7000.0,4.21661,BTA,USD
1683058435350.0,2770,B,7000.0,4.213665,BTA,USD
1682910448950.0,247,B,9000.0,4.207400000000001,BTA,USD
1683037969275.0,2441,S,7000.0,4.215145,BTA,USD
1683048703150.0,2580,B,8000.0,4.219715,BTA,USD
1683041277550.0,2476,B,1000.0,4.21796,BTA,USD
1683067157750.0,2955,B,6000.0,4.2116,BTA,USD
1683013494650.0,2109,S,3000.0,4.219815,BTA,USD
1682957923875.0,1055,B,4000.0,4.218205,BTA,USD
1682907802175.0,194,B,6000.0,4.20707,BTA,USD
1682969760375.0,1242,S,10000.0,4.22048,BTA,USD
1682948303350.0,896,S,7000.0,4.2190449999999995,BTA,USD
1682917594550.0,377,S,2000.0,4.21276,BTA,USD
1682945729775.0,820,S,8000.0,4.218785,BTA,USD
1682912647375.0,282,B,10000.0,4.2074750000000005,BTA,USD
1683026125275.0,2270,B,3000.0,4.214005,BTA,USD
1682904386575.0,136,B,6000.0,4.20469,BTA,USD
1682942487850.0,764,S,4000.0,4.219465,BTA,USD
1682922263725.0,443,B,2000.0,4.216869999999999,BTA,USD
1683025588550.0,2262,S,9000.0,4.215725,BTA,USD
1682984966450.0,1563,S,10000.0,4.2227950000000005,BTA,USD
1683012936450.0,2098,B,4000.0,4.221055,BTA,USD
1683060753750.0,2830,S,5000.0,4.215325,BTA,USD
1682970216575.0,1256,B,4000.0,4.22033,BTA,USD
1682896277425.0,4,B,7000.0,4.200025,BTA,USD
1682983248925.0,1530,S,7000.0,4.22122,BTA,USD
1682974996850.0,1348,B,2000.0,4.2203100000000004,BTA,USD
1683061520725.0,2849,B,7000.0,4.21377,BTA,USD
1682957983475.0,1061,S,2000.0,4.217745000000001,BTA,USD
1682939994450.0,725,B,1000.0,4.217995,BTA,USD
1683015634625.0,2130,B,3000.0,4.221685,BTA,USD
1682902022050.0,88,S,5000.0,4.20483,BTA,USD
1682934891525.0,636,S,10000.0,4.220104999999999,BTA,USD
1683031806675.0,2335,B,1000.0,4.212565,BTA,USD
1682941739175.0,750,B,5000.0,4.219035,BTA,USD
1683005611275.0,1947,S,1000.0,4.22346,BTA,USD
1682978308125.0,1428,B,3000.0,4.218789999999999,BTA,USD
1682939555075.0,721,B,2000.0,4.218395,BTA,USD
1682975877650.0,1358,B,3000.0,4.22072,BTA,USD
1682941311375.0,744,B,10000.0,4.218785,BTA,USD
1683066557025.0,2941,B,10000.0,4.2121,BTA,USD
1682947698250.0,879,S,3000.0,4.219175,BTA,USD
1683018926650.0,2196,B,4000.0,4.221465,BTA,USD
1682941900125.0,754,B,6000.0,4.219275,BTA,USD
1683006194850.0,1957,S,7000.0,4.222305,BTA,USD
1682940202325.0,732,S,6000.0,4.2181049999999995,BTA,USD
1682915036050.0,324,S,10000.0,4.209770000000001,BTA,USD
1682932205175.0,569,B,4000.0,4.220065,BTA,USD
1682934598825.0,628,B,4000.0,4.219905,BTA,USD
1682935063675.0,640,B,2000.0,4.219815,BTA,USD
1682956547950.0,1020,B,6000.0,4.218795,BTA,USD
1683009957150.0,2029,B,10000.0,4.218789999999999,BTA,USD
1682963453375.0,1147,B,1000.0,4.2177,BTA,USD
1683004149750.0,1908,S,4000.0,4.2209699999999994,BTA,USD
1683047365375.0,2561,B,5000.0,4.218155,BTA,USD
1682982906625.0,1526,B,2000.0,4.221445,BTA,USD
1682949153125.0,914,S,10000.0,4.219535,BTA,USD
1683056136025.0,2716,B,5000.0,4.2134,BTA,USD
1682901847425.0,84,S,3000.0,4.20471,BTA,USD
1682934598050.0,623,B,6000.0,4.219975,BTA,USD
1682929249975.0,508,B,9000.0,4.219695,BTA,USD
1682982304275.0,1509,B,2000.0,4.220705,BTA,USD
1683010785625.0,2063,S,2000.0,4.220770000000001,BTA,USD
1682940170150.0,730,S,6000.0,4.218005,BTA,USD
1682951798850.0,947,S,9000.0,4.218525,BTA,USD
1683049037875.0,2592,B,2000.0,4.21903,BTA,USD
1682911408850.0,268,S,6000.0,4.207409999999999,BTA,USD
1683041627525.0,2485,S,2000.0,4.21802,BTA,USD
1682930269275.0,538,S,6000.0,4.220085,BTA,USD
1683027951450.0,2285,B,9000.0,4.214935,BTA,USD
1683053629175.0,2684,B,1000.0,4.21387,BTA,USD
1683040104425.0,2461,S,10000.0,4.2173300000000005,BTA,USD
1682991165150.0,1692,B,2000.0,4.222370000000001,BTA,USD
1682935993775.0,666,S,9000.0,4.220714999999999,BTA,USD
1683026513850.0,2274,B,9000.0,4.2150549999999996,BTA,USD
1682982536275.0,1511,S,8000.0,4.2207550000000005,BTA,USD
1682980038475.0,1457,B,8000.0,4.22091,BTA,USD
1682998608475.0,1818,S,5000.0,4.219845,BTA,USD
1682996707425.0,1781,S,2000.0,4.22121,BTA,USD
1683027959475.0,2286,S,6000.0,4.215005,BTA,USD
1682915686675.0,328,S,1000.0,4.210065,BTA,USD
1683047573350.0,2571,B,7000.0,4.218255,BTA,USD
1682956521275.0,1019,B,2000.0,4.218545,BTA,USD
1682953186475.0,967,S,7000.0,4.21942,BTA,USD
1683056356025.0,2728,B,9000.0,4.2127799999999995,BTA,USD
1682916731750.0,359,S,2000.0,4.212085,BTA,USD
1683047631650.0,2572,B,1000.0,4.218235,BTA,USD
1683003537275.0,1898,B,7000.0,4.221525,BTA,USD
1682965047125.0,1162,S,4000.0,4.218615,BTA,USD
1683010195275.0,2041,S,2000.0,4.2198,BTA,USD
1683017317325.0,2157,S,9000.0,4.221855,BTA,USD
1683004303425.0,1911,B,5000.0,4.22115,BTA,USD
1683015634750.0,2131,B,1000.0,4.221665,BTA,USD
1682922896275.0,447,B,7000.0,4.21679,BTA,USD
1682972608375.0,1288,B,6000.0,4.21783,BTA,USD
1683044223750.0,2522,S,7000.0,4.217065000000001,BTA,USD
1682944378475.0,795,B,1000.0,4.218075,BTA,USD
1682946499025.0,839,B,7000.0,4.218985,BTA,USD
1682975660925.0,1355,B,1000.0,4.22013,BTA,USD
1683010785525.0,2062,S,6000.0,4.22076,BTA,USD
1683062567925.0,2875,B,6000.0,4.21377,BTA,USD
1682968723275.0,1220,S,6000.0,4.218685,BTA,USD
1683059671850.0,2799,S,3000.0,4.21387,BTA,USD
1682963311575.0,1140,B,1000.0,4.2169099999999995,BTA,USD
1683008593225.0,2006,S,2000.0,4.22008,BTA,USD
1682943709850.0,790,B,6000.0,4.218545,BTA,USD
1682962809250.0,1132,S,5000.0,4.21624,BTA,USD
1683028628425.0,2297,B,4000.0,4.2150549999999996,BTA,USD
1683010563225.0,2052,B,3000.0,4.22012,BTA,USD
1682962061250.0,1126,B,5000.0,4.216685,BTA,USD
1682913098975.0,291,S,9000.0,4.207665,BTA,USD
1683057188375.0,2747,S,9000.0,4.2133,BTA,USD
1683056355250.0,2724,B,1000.0,4.21282,BTA,USD
1682942970925.0,776,B,8000.0,4.220345,BTA,USD
1682979296675.0,1449,B,8000.0,4.219035,BTA,USD
1682986530525.0,1590,S,4000.0,4.2239,BTA,USD
1682943709650.0,788,B,9000.0,4.2185749999999995,BTA,USD
1682900197250.0,43,B,7000.0,4.202535,BTA,USD
1683068365375.0,2975,B,3000.0,4.211685,BTA,USD
1683015843250.0,2136,S,6000.0,4.222275,BTA,USD
1682988832950.0,1659,B,7000.0,4.22413,BTA,USD
1682968420325.0,1213,S,8000.0,4.218235,BTA,USD
1682976526750.0,1374,B,2000.0,4.2208749999999995,BTA,USD
1682935604150.0,647,S,2000.0,4.220314999999999,BTA,USD
1682934651475.0,629,S,4000.0,4.2199349999999995,BTA,USD
1682988680250.0,1651,B,2000.0,4.22367,BTA,USD
1682907737625.0,193,B,2000.0,4.20677,BTA,USD
1682998917075.0,1822,S,8000.0,4.220025000000001,BTA,USD
1682907373925.0,186,S,2000.0,4.20641,BTA,USD
1683029357850.0,2308,B,4000.0,4.214555,BTA,USD
1682928695525.0,501,B,5000.0,4.2198649999999995,BTA,USD
1682917187850.0,370,B,3000.0,4.212615,BTA,USD
1682938643975.0,701,B,1000.0,4.219385,BTA,USD
1682920078575.0,408,S,2000.0,4.213895000000001,BTA,USD
1682988833875.0,1664,B,4000.0,4.22407,BTA,USD
1682902529125.0,100,S,3000.0,4.20398,BTA,USD
1683036467875.0,2414,B,2000.0,4.213465,BTA,USD
1682900741275.0,71,S,8000.0,4.202875,BTA,USD
1682947337525.0,860,B,9000.0,4.219785,BTA,USD
1683041623125.0,2481,S,4000.0,4.2178700000000005,BTA,USD
1682980549675.0,1466,B,1000.0,4.22078,BTA,USD
1682930563225.0,540,B,10000.0,4.220165,BTA,USD
1683027303325.0,2279,S,9000.0,4.214194999999999,BTA,USD
1682972667550.0,1290,S,10000.0,4.217619999999999,BTA,USD
1682993794925.0,1733,B,1000.0,4.22194,BTA,USD
1683059671325.0,2797,S,5000.0,4.213839999999999,BTA,USD
1682994820125.0,1751,B,3000.0,4.220715,BTA,USD
1683042718375.0,2501,S,1000.0,4.216805000000001,BTA,USD
1682992809625.0,1711,B,5000.0,4.222175,BTA,USD
1682955542750.0,998,S,7000.0,4.218465,BTA,USD
1682979860625.0,1451,B,7000.0,4.2209200000000004,BTA,USD
1683006451425.0,1968,S,7000.0,4.221725,BTA,USD
1683035531675.0,2388,S,2000.0,4.212845,BTA,USD
1682988491025.0,1647,S,6000.0,4.22362,BTA,USD
1682970216875.0,1258,B,8000.0,4.2203,BTA,USD
1682997501650.0,1797,B,1000.0,4.220680000000001,BTA,USD
1683042994450.0,2509,S,5000.0,4.216755,BTA,USD
1682967378425.0,1198,S,6000.0,4.21876,BTA,USD
1683055625325.0,2713,S,5000.0,4.212855,BTA,USD
1683055398350.0,2710,B,10000.0,4.213195000000001,BTA,USD
1682901480075.0,81,S,2000.0,4.20434,BTA,USD
1683062118225.0,2859,S,8000.0,4.21278,BTA,USD
1683049818325.0,2623,B,4000.0,4.21742,BTA,USD
1683035781025.0,2393,S,6000.0,4.2136249999999995,BTA,USD
1682913621350.0,299,B,7000.0,4.20791,BTA,USD
1683000104750.0,1847,B,1000.0,4.22045,BTA,USD
1682978826025.0,1437,B,6000.0,4.219465,BTA,USD
1683013152250.0,2101,B,5000.0,4.220155,BTA,USD
1682991407825.0,1698,B,5000.0,4.222370000000001,BTA,USD
1683059878250.0,2803,S,3000.0,4.214289999999999,BTA,USD
1683001827075.0,1871,S,9000.0,4.220635000000001,BTA,USD
1683039161625.0,2451,S,3000.0,4.21586,BTA,USD
1683028734350.0,2301,S,4000.0,4.214905,BTA,USD
1682916731975.0,360,S,4000.0,4.212095000000001,BTA,USD
1682968586775.0,1219,S,4000.0,4.218305,BTA,USD
1682978307850.0,1426,B,6000.0,4.21883,BTA,USD
1682947336150.0,856,B,1000.0,4.219835,BTA,USD
1682988573175.0,1650,B,1000.0,4.22381,BTA,USD
1683057792950.0,2753,B,5000.0,4.214334999999999,BTA,USD
1682900372475.0,44,S,8000.0,4.202245,BTA,USD
1682932649150.0,574,B,2000.0,4.219975,BTA,USD
1682900422775.0,52,S,9000.0,4.202554999999999,BTA,USD
1682948251575.0,890,B,4000.0,4.219365,BTA,USD
1683033462775.0,2360,S,4000.0,4.212215,BTA,USD
1682973179225.0,1300,S,4000.0,4.21786,BTA,USD
1683036172625.0,2399,B,6000.0,4.213925,BTA,USD
1682919443975.0,402,S,10000.0,4.21266,BTA,USD
1682987185350.0,1614,S,2000.0,4.222944999999999,BTA,USD
1683025976825.0,2267,B,3000.0,4.214555,BTA,USD
1683049953125.0,2627,B,2000.0,4.21673,BTA,USD
1682921044375.0,429,S,6000.0,4.215835,BTA,USD
1683000858650.0,1863,S,3000.0,4.2205,BTA,USD
1683057740225.0,2750,B,2000.0,4.2145649999999995,BTA,USD
1682905082550.0,150,B,9000.0,4.20429,BTA,USD
1682911311725.0,267,B,4000.0,4.207120000000001,BTA,USD
1682987782825.0,1628,S,6000.0,4.223224999999999,BTA,USD
1683007010375.0,1977,B,1000.0,4.222385,BTA,USD
1682976673075.0,1385,B,3000.0,4.220795,BTA,USD
1682899328275.0,31,B,5000.0,4.20296,BTA,USD
1682950597250.0,926,S,4000.0,4.2194449999999994,BTA,USD
1683042448675.0,2496,B,5000.0,4.217385,BTA,USD
1683010785275.0,2061,S,6000.0,4.220750000000001,BTA,USD
1683058563450.0,2781,S,9000.0,4.213435,BTA,USD
1683001178750.0,1865,B,8000.0,4.22054,BTA,USD
1682930268625.0,535,S,10000.0,4.220034999999999,BTA,USD
1682986003675.0,1577,S,10000.0,4.223210000000001,BTA,USD
1683044331350.0,2524,S,4000.0,4.216995000000001,BTA,USD
1683036829525.0,2416,B,4000.0,4.214005,BTA,USD
1683060753475.0,2829,S,6000.0,4.2153149999999995,BTA,USD
1682974118125.0,1320,B,3000.0,4.219855,BTA,USD
1682976486075.0,1373,S,6000.0,4.220705,BTA,USD
1683009421675.0,2018,B,7000.0,4.217879999999999,BTA,USD
1682996030525.0,1776,B,8000.0,4.220945,BTA,USD
1682976638575.0,1382,S,8000.0,4.220784999999999,BTA,USD
1683055321525.0,2708,S,8000.0,4.212945,BTA,USD
1682905139225.0,152,S,6000.0,4.20426,BTA,USD
1683001271625.0,1869,S,5000.0,4.2207300000000005,BTA,USD
1683027887850.0,2284,B,4000.0,4.215025,BTA,USD
1682907389525.0,188,S,1000.0,4.20672,BTA,USD
1682900631950.0,65,S,9000.0,4.202235,BTA,USD
1682942922750.0,774,B,3000.0,4.220905,BTA,USD
1683016002775.0,2142,S,7000.0,4.222925,BTA,USD
1682910065775.0,242,S,1000.0,4.2072199999999995,BTA,USD
1682943485275.0,786,B,3000.0,4.219164999999999,BTA,USD
1682910895525.0,250,S,6000.0,4.20724,BTA,USD
1682979018450.0,1442,S,7000.0,4.219555000000001,BTA,USD
1683062333650.0,2863,B,10000.0,4.21371,BTA,USD
1682963311125.0,1138,B,5000.0,4.21693,BTA,USD
1682988755575.0,1657,S,8000.0,4.2238999999999995,BTA,USD
1682986186025.0,1584,B,10000.0,4.223669999999999,BTA,USD
1682946389825.0,838,S,9000.0,4.219774999999999,BTA,USD
1683054740950.0,2700,B,4000.0,4.212375000000001,BTA,USD
1682953751075.0,974,B,5000.0,4.22049,BTA,USD
1682992921650.0,1714,B,5000.0,4.222214999999999,BTA,USD
1683043401675.0,2511,B,9000.0,4.216735,BTA,USD
1682984322850.0,1553,B,4000.0,4.223535,BTA,USD
1683049705775.0,2616,B,7000.0,4.21747,BTA,USD
1682914442325.0,312,B,1000.0,4.209289999999999,BTA,USD
1683036274175.0,2403,S,7000.0,4.213875,BTA,USD
1683066711725.0,2943,S,6000.0,4.21113,BTA,USD
1683041277325.0,2475,B,4000.0,4.21798,BTA,USD
1682976921575.0,1395,B,8000.0,4.220765,BTA,USD
1683039119325.0,2448,B,6000.0,4.215999999999999,BTA,USD
1682937493950.0,683,B,10000.0,4.220345,BTA,USD
1682900054875.0,40,S,8000.0,4.202660000000001,BTA,USD
1682934464775.0,619,B,5000.0,4.220655,BTA,USD
1683050764650.0,2638,S,9000.0,4.217485,BTA,USD
1682966207975.0,1180,S,1000.0,4.21901,BTA,USD
1683062333575.0,2862,B,9000.0,4.21372,BTA,USD
1682954103225.0,975,B,6000.0,4.21984,BTA,USD
1683058543550.0,2774,B,10000.0,4.213545,BTA,USD
1682909572325.0,229,B,3000.0,4.207795,BTA,USD
1682924671250.0,468,S,8000.0,4.21849,BTA,USD
1682950595675.0,923,S,4000.0,4.219395,BTA,USD
1683018624875.0,2189,S,3000.0,4.221825,BTA,USD
1683044770525.0,2536,S,3000.0,4.21615,BTA,USD
1682923624675.0,459,S,1000.0,4.21821,BTA,USD
1682967078775.0,1191,S,5000.0,4.21862,BTA,USD
1682942662725.0,772,S,10000.0,4.220225,BTA,USD
1683062407550.0,2872,B,1000.0,4.21381,BTA,USD
1682958117375.0,1068,S,10000.0,4.2177050000000005,BTA,USD
1682935968325.0,665,S,5000.0,4.220725,BTA,USD
1682999384650.0,1831,S,9000.0,4.219755,BTA,USD
1683053550750.0,2682,S,8000.0,4.21434,BTA,USD
1682909657475.0,231,S,2000.0,4.207585,BTA,USD
1683042827425.0,2503,B,2000.0,4.216735,BTA,USD
1683068390225.0,2976,S,3000.0,4.211395,BTA,USD
1682956803550.0,1035,B,5000.0,4.219065,BTA,USD
1683048945475.0,2587,B,9000.0,4.2193499999999995,BTA,USD
1682910448450.0,245,B,8000.0,4.20742,BTA,USD
1682956566150.0,1023,S,8000.0,4.218795,BTA,USD
1682907847825.0,195,B,8000.0,4.20692,BTA,USD
1683015494375.0,2126,S,3000.0,4.2214849999999995,BTA,USD
1682960977775.0,1114,B,3000.0,4.218475,BTA,USD
1682998008750.0,1806,B,3000.0,4.221255,BTA,USD
1683067411525.0,2959,S,1000.0,4.211725,BTA,USD
1683015953075.0,2138,S,8000.0,4.223025,BTA,USD
1683028572550.0,2293,S,3000.0,4.215294999999999,BTA,USD
1682959182475.0,1083,B,4000.0,4.21852,BTA,USD
1682904721775.0,144,B,2000.0,4.20418,BTA,USD
1682961642650.0,1120,S,6000.0,4.217585000000001,BTA,USD
1682969809575.0,1244,B,10000.0,4.22027,BTA,USD
1682971532675.0,1272,S,6000.0,4.219905,BTA,USD
1683031591175.0,2331,S,2000.0,4.213435,BTA,USD
1682976485850.0,1372,S,6000.0,4.220695,BTA,USD
1683024022475.0,2235,S,7000.0,4.217865,BTA,USD
1683047365850.0,2564,B,7000.0,4.218115,BTA,USD
1682932110775.0,561,B,10000.0,4.219914999999999,BTA,USD
1682932205450.0,571,B,7000.0,4.220025,BTA,USD
1683049485850.0,2612,B,9000.0,4.21794,BTA,USD
1682979428425.0,1450,B,9000.0,4.219355,BTA,USD
1682937071350.0,679,B,5000.0,4.220145,BTA,USD
1682944405850.0,797,S,6000.0,4.218335,BTA,USD
1683005204350.0,1930,S,3000.0,4.22211,BTA,USD
1682975601725.0,1354,S,6000.0,4.22035,BTA,USD
1682921580575.0,438,B,8000.0,4.2168149999999995,BTA,USD
1683037156825.0,2432,B,10000.0,4.2147049999999995,BTA,USD
1682995167625.0,1756,B,1000.0,4.2211050000000006,BTA,USD
1683007483625.0,1981,S,5000.0,4.223105,BTA,USD
1682920999350.0,428,S,10000.0,4.215885,BTA,USD
1682976009575.0,1363,B,4000.0,4.22078,BTA,USD
1683049037925.0,2593,B,1000.0,4.2190199999999995,BTA,USD
1682918180775.0,380,B,3000.0,4.21173,BTA,USD
1682936251425.0,668,B,2000.0,4.221285,BTA,USD
1683011014250.0,2068,B,5000.0,4.22042,BTA,USD
1683001271350.0,1868,S,9000.0,4.22072,BTA,USD
1682938739350.0,708,S,1000.0,4.219415,BTA,USD
1683061480350.0,2845,B,5000.0,4.21406,BTA,USD
1682948557025.0,902,S,7000.0,4.219265,BTA,USD
1683067157850.0,2956,B,3000.0,4.21159,BTA,USD
1682973554125.0,1316,S,8000.0,4.2189,BTA,USD
1682990053825.0,1669,B,2000.0,4.223195,BTA,USD
1682902931850.0,113,B,2000.0,4.203575,BTA,USD
1683019180875.0,2200,S,1000.0,4.221355,BTA,USD
1682911855575.0,272,S,5000.0,4.207355,BTA,USD
1683039644275.0,2453,B,9000.0,4.216749999999999,BTA,USD
1682971032425.0,1264,S,9000.0,4.2198649999999995,BTA,USD
1682970660725.0,1262,S,1000.0,4.22003,BTA,USD
1682930127975.0,533,S,6000.0,4.2199349999999995,BTA,USD
1683065848450.0,2928,B,8000.0,4.212235,BTA,USD
1683009421425.0,2017,B,8000.0,4.217899999999999,BTA,USD
1682964668625.0,1158,B,7000.0,4.218505,BTA,USD
1682945013575.0,807,S,2000.0,4.218585,BTA,USD
1683050175075.0,2632,S,5000.0,4.21717,BTA,USD
1682948251450.0,889,B,9000.0,4.219385,BTA,USD
1682900945475.0,73,S,3000.0,4.202735,BTA,USD
1682952702025.0,959,S,6000.0,4.2183,BTA,USD
1683050664475.0,2637,B,6000.0,4.21796,BTA,USD
1682957614225.0,1044,B,1000.0,4.217525,BTA,USD
1682995646725.0,1769,B,4000.0,4.2204950000000006,BTA,USD
1682946241625.0,833,B,9000.0,4.219635,BTA,USD
1683064538775.0,2914,B,4000.0,4.21214,BTA,USD
1682935830175.0,663,S,1000.0,4.220594999999999,BTA,USD
1682955256425.0,995,B,4000.0,4.21807,BTA,USD
1682927838550.0,495,B,1000.0,4.221185,BTA,USD
1682998160350.0,1809,S,4000.0,4.220695,BTA,USD
1683017657075.0,2165,S,3000.0,4.223014999999999,BTA,USD
1682943283625.0,781,B,8000.0,4.219815,BTA,USD
1683066806550.0,2948,B,8000.0,4.211040000000001,BTA,USD
1682905637275.0,165,B,4000.0,4.204484999999999,BTA,USD
1682937975950.0,694,B,10000.0,4.221115,BTA,USD
1683002986325.0,1879,S,8000.0,4.221355,BTA,USD
1682985464475.0,1572,B,9000.0,4.22366,BTA,USD
1682986023350.0,1578,S,10000.0,4.223330000000001,BTA,USD
1682977071450.0,1396,S,8000.0,4.220535,BTA,USD
1682901896475.0,86,S,3000.0,4.20489,BTA,USD
1682929626825.0,519,S,3000.0,4.220375,BTA,USD
1683015953175.0,2139,S,4000.0,4.223045,BTA,USD
1682992285775.0,1704,B,8000.0,4.222155,BTA,USD
1682945983025.0,823,B,9000.0,4.219615,BTA,USD
1682904990875.0,149,B,6000.0,4.20469,BTA,USD
1682967130150.0,1196,S,7000.0,4.21848,BTA,USD
1682988234575.0,1640,S,7000.0,4.22412,BTA,USD
1682944459250.0,799,S,7000.0,4.218115,BTA,USD
1683057793125.0,2754,B,6000.0,4.214325,BTA,USD
1683010793450.0,2064,B,7000.0,4.22073,BTA,USD
1682948302950.0,892,S,8000.0,4.2189749999999995,BTA,USD
1683055398125.0,2709,B,1000.0,4.213205,BTA,USD
1682966550050.0,1183,S,6000.0,4.21943,BTA,USD
1682910449150.0,248,B,9000.0,4.20739,BTA,USD
1682930269050.0,537,S,8000.0,4.220075,BTA,USD
1682976090950.0,1364,S,8000.0,4.2211,BTA,USD
1683020865650.0,2209,B,7000.0,4.218535,BTA,USD
1682980550225.0,1468,B,4000.0,4.22074,BTA,USD
1683046569625.0,2554,B,8000.0,4.21703,BTA,USD
1683040014775.0,2459,S,3000.0,4.21741,BTA,USD
1682974685550.0,1339,S,7000.0,4.219365,BTA,USD
1683059058275.0,2786,S,9000.0,4.2146,BTA,USD
1682955711925.0,1002,B,6000.0,4.218325,BTA,USD
1682991185225.0,1694,S,4000.0,4.22248,BTA,USD
1682980549825.0,1467,B,8000.0,4.22076,BTA,USD
1682945206850.0,811,B,1000.0,4.2184349999999995,BTA,USD
1683053550550.0,2680,S,2000.0,4.2143,BTA,USD
1683006477125.0,1969,S,6000.0,4.221855000000001,BTA,USD
1683005845075.0,1948,B,6000.0,4.22293,BTA,USD
1682976109925.0,1366,B,6000.0,4.22136,BTA,USD
1683003936475.0,1905,B,3000.0,4.22133,BTA,USD
1682931572250.0,552,B,3000.0,4.219895,BTA,USD
1683032898625.0,2350,B,9000.0,4.212065,BTA,USD
1682934597950.0,622,B,5000.0,4.219995,BTA,USD
1682914274675.0,306,S,2000.0,4.20891,BTA,USD
1683001827225.0,1872,S,9000.0,4.220655000000001,BTA,USD
1683051457650.0,2652,B,7000.0,4.216855,BTA,USD
1682959528250.0,1090,B,1000.0,4.21773,BTA,USD
1682986936225.0,1608,S,4000.0,4.223425,BTA,USD
1683032878450.0,2347,S,10000.0,4.212054999999999,BTA,USD
1682948519425.0,899,B,10000.0,4.218935,BTA,USD
1682957008525.0,1036,B,4000.0,4.218545,BTA,USD
1682988833075.0,1660,B,4000.0,4.22412,BTA,USD
1683058543450.0,2773,B,9000.0,4.213565,BTA,USD
1682948556875.0,900,S,9000.0,4.219234999999999,BTA,USD
1683041767150.0,2488,S,6000.0,4.2179400000000005,BTA,USD
1682967077825.0,1189,S,2000.0,4.2185999999999995,BTA,USD
1683057810575.0,2756,B,4000.0,4.214225,BTA,USD
1683033462250.0,2358,S,7000.0,4.212185,BTA,USD
1683036045450.0,2398,B,5000.0,4.213805,BTA,USD
1682960187525.0,1100,S,4000.0,4.2173799999999995,BTA,USD
1682935753175.0,659,B,8000.0,4.220435,BTA,USD
1683006152450.0,1952,B,2000.0,4.222505,BTA,USD
1683056355525.0,2726,B,6000.0,4.2128,BTA,USD
1682971532375.0,1271,S,5000.0,4.219885,BTA,USD
1683017407775.0,2159,S,7000.0,4.222004999999999,BTA,USD
1682995464750.0,1765,S,10000.0,4.220795,BTA,USD
1682908363750.0,199,B,6000.0,4.207185,BTA,USD
1682999122475.0,1825,S,8000.0,4.220155,BTA,USD
1682991238150.0,1696,S,4000.0,4.22223,BTA,USD
1682988833350.0,1661,B,1000.0,4.22411,BTA,USD
1683014486325.0,2117,B,6000.0,4.220365,BTA,USD
1682996707675.0,1782,S,6000.0,4.22122,BTA,USD
1683011774175.0,2076,S,10000.0,4.220825,BTA,USD
1683049290550.0,2604,B,9000.0,4.21725,BTA,USD
1682908654850.0,210,S,3000.0,4.207645,BTA,USD
1682968723375.0,1221,S,6000.0,4.218705,BTA,USD
1683066881475.0,2951,B,9000.0,4.21091,BTA,USD
1683006255525.0,1959,S,1000.0,4.221965000000001,BTA,USD
1682958321650.0,1072,S,10000.0,4.2176,BTA,USD
1682938821450.0,712,B,6000.0,4.219094999999999,BTA,USD
1683067596975.0,2966,B,2000.0,4.212385,BTA,USD
1683062334825.0,2867,B,10000.0,4.21366,BTA,USD
1682914772175.0,316,S,3000.0,4.20958,BTA,USD
1682923601575.0,458,S,1000.0,4.217980000000001,BTA,USD
1682976485750.0,1371,S,4000.0,4.220675,BTA,USD
1683061479750.0,2844,B,6000.0,4.21408,BTA,USD
1682918946650.0,396,B,4000.0,4.2124,BTA,USD
1682945160175.0,808,S,3000.0,4.218945,BTA,USD
1682966549825.0,1181,S,5000.0,4.21941,BTA,USD
1683060228775.0,2822,S,7000.0,4.214795,BTA,USD
1682965857425.0,1174,S,1000.0,4.219145,BTA,USD
1682984133075.0,1550,B,7000.0,4.22307,BTA,USD
1683045163975.0,2540,S,9000.0,4.2164399999999995,BTA,USD
1682916501575.0,358,B,10000.0,4.211705,BTA,USD
1682903925050.0,131,S,9000.0,4.205064999999999,BTA,USD
1682938806975.0,710,B,2000.0,4.219315,BTA,USD
1683030292675.0,2317,S,6000.0,4.213515,BTA,USD
1682949728650.0,918,B,1000.0,4.219005,BTA,USD
1682940157475.0,728,B,6000.0,4.217985,BTA,USD
1683067433675.0,2964,B,7000.0,4.212035,BTA,USD
1683051068375.0,2644,B,3000.0,4.217185000000001,BTA,USD
1682990613575.0,1676,B,6000.0,4.222460000000001,BTA,USD
1683009972750.0,2033,B,9000.0,4.21875,BTA,USD
1682950618625.0,930,B,2000.0,4.2191149999999995,BTA,USD
1683060033625.0,2812,B,7000.0,4.214645,BTA,USD
1682905234850.0,158,B,1000.0,4.2044500000000005,BTA,USD
1683009512050.0,2019,B,3000.0,4.2181,BTA,USD
1682976555150.0,1377,B,7000.0,4.220845,BTA,USD
1683067157625.0,2954,B,7000.0,4.21161,BTA,USD
1682996710750.0,1785,S,6000.0,4.22136,BTA,USD
1682977494550.0,1405,S,9000.0,4.22018,BTA,USD
1683018395575.0,2181,S,8000.0,4.221665,BTA,USD
1683067411725.0,2961,S,1000.0,4.2117450000000005,BTA,USD
1682940830350.0,739,B,10000.0,4.217635,BTA,USD
1682960231275.0,1105,S,7000.0,4.2175,BTA,USD
1683048632775.0,2577,S,1000.0,4.220125,BTA,USD
1683059336775.0,2791,S,4000.0,4.21479,BTA,USD
1683062520825.0,2874,B,9000.0,4.21352,BTA,USD
1683005218250.0,1932,S,8000.0,4.22232,BTA,USD
1682960110750.0,1095,S,2000.0,4.21718,BTA,USD
1683040014425.0,2458,S,10000.0,4.2174000000000005,BTA,USD
1682997947675.0,1803,S,10000.0,4.220905,BTA,USD
1682986281025.0,1587,B,5000.0,4.22337,BTA,USD
1682976009475.0,1362,B,1000.0,4.22079,BTA,USD
1682916433275.0,353,B,6000.0,4.211795,BTA,USD
1682911311675.0,266,B,8000.0,4.20714,BTA,USD
1683065147925.0,2920,S,2000.0,4.210865,BTA,USD
1683041622825.0,2480,S,7000.0,4.21786,BTA,USD
1682913646625.0,301,B,8000.0,4.20803,BTA,USD
1683045881575.0,2550,S,8000.0,4.21777,BTA,USD
1682935603975.0,645,S,8000.0,4.220285,BTA,USD
1682903515575.0,121,B,3000.0,4.204905,BTA,USD
1682973264675.0,1307,S,3000.0,4.218249999999999,BTA,USD
1682961306075.0,1115,B,5000.0,4.217895,BTA,USD
1682911311575.0,265,B,9000.0,4.20716,BTA,USD
1682976638075.0,1380,S,7000.0,4.220755,BTA,USD
1683025421325.0,2259,S,4000.0,4.215705,BTA,USD
1682958086225.0,1065,S,6000.0,4.217645,BTA,USD
1682988833725.0,1663,B,10000.0,4.22408,BTA,USD
1682978308075.0,1427,B,7000.0,4.2188099999999995,BTA,USD
1682930143450.0,534,S,6000.0,4.219964999999999,BTA,USD
1682992021475.0,1703,S,2000.0,4.222365,BTA,USD
1682906639525.0,177,B,7000.0,4.205164999999999,BTA,USD
1683003241775.0,1884,B,8000.0,4.2213650000000005,BTA,USD
1683060412825.0,2825,S,9000.0,4.215445,BTA,USD
1682904407875.0,139,S,5000.0,4.20459,BTA,USD
1682952745825.0,960,S,8000.0,4.21875,BTA,USD
1682969835750.0,1247,B,4000.0,4.22031,BTA,USD
1682957122350.0,1037,S,6000.0,4.218905,BTA,USD
1682916457675.0,355,B,7000.0,4.211505,BTA,USD
1682932939275.0,581,S,10000.0,4.2199349999999995,BTA,USD
1682969981025.0,1249,B,4000.0,4.2207,BTA,USD
1683057187625.0,2745,S,1000.0,4.21326,BTA,USD
1683059316050.0,2790,S,4000.0,4.2147499999999996,BTA,USD
1682986023475.0,1579,S,2000.0,4.22335,BTA,USD
1683024584050.0,2253,S,1000.0,4.216265,BTA,USD
1682973234975.0,1305,B,8000.0,4.218050000000001,BTA,USD
1682954556350.0,985,S,2000.0,4.21853,BTA,USD
1682988491550.0,1649,S,9000.0,4.22365,BTA,USD
1682969236350.0,1232,B,4000.0,4.219625000000001,BTA,USD
1682900103975.0,42,S,3000.0,4.202780000000001,BTA,USD
1682976526975.0,1375,B,1000.0,4.220865,BTA,USD
1683064683850.0,2918,B,8000.0,4.21139,BTA,USD
1683046230450.0,2552,B,10000.0,4.21771,BTA,USD
1682943353825.0,784,S,1000.0,4.219615,BTA,USD
1682909814775.0,238,B,9000.0,4.207785,BTA,USD
1683051086550.0,2648,B,9000.0,4.2170950000000005,BTA,USD
1682972420875.0,1286,B,7000.0,4.21757,BTA,USD
1682982568425.0,1517,S,7000.0,4.221055000000001,BTA,USD
1683061894125.0,2857,B,8000.0,4.21323,BTA,USD
1682914771925.0,314,S,5000.0,4.20955,BTA,USD
1682994609250.0,1745,B,3000.0,4.22094,BTA,USD
1682967603675.0,1203,S,8000.0,4.2192,BTA,USD
1682977593475.0,1413,B,7000.0,4.220289999999999,BTA,USD
1683056689175.0,2732,S,7000.0,4.2135,BTA,USD
1682920844325.0,423,B,3000.0,4.215485,BTA,USD
1682973553950.0,1315,S,6000.0,4.21889,BTA,USD
1683011806525.0,2078,B,10000.0,4.221005,BTA,USD
1682925287925.0,473,S,10000.0,4.2189049999999995,BTA,USD
1683062198375.0,2861,S,2000.0,4.21342,BTA,USD
1682991185075.0,1693,S,7000.0,4.2224699999999995,BTA,USD
1682911178025.0,263,S,1000.0,4.2072899999999995,BTA,USD
1683005277075.0,1933,S,9000.0,4.22255,BTA,USD
1683028663775.0,2300,B,2000.0,4.214555,BTA,USD
1682990653875.0,1679,B,4000.0,4.221970000000001,BTA,USD
1683018368075.0,2180,B,2000.0,4.221475,BTA,USD
1683015843025.0,2135,S,1000.0,4.222264999999999,BTA,USD
1682983854650.0,1540,S,4000.0,4.22221,BTA,USD
1683005550650.0,1942,S,1000.0,4.2230099999999995,BTA,USD
1683058562650.0,2779,S,7000.0,4.213405,BTA,USD
1682920693550.0,421,S,7000.0,4.215755000000001,BTA,USD
1683013990525.0,2112,B,6000.0,4.219715,BTA,USD
1683053550150.0,2679,S,3000.0,4.21429,BTA,USD
1683009038375.0,2012,S,2000.0,4.2198,BTA,USD
1682986829825.0,1597,S,5000.0,4.223325,BTA,USD
1682924681475.0,469,S,6000.0,4.21849,BTA,USD
1683036940675.0,2425,S,2000.0,4.214205,BTA,USD
1682908988725.0,217,B,1000.0,4.208355,BTA,USD
1682938683475.0,702,S,3000.0,4.219374999999999,BTA,USD
1682964668450.0,1157,B,6000.0,4.2185250000000005,BTA,USD
1682905679250.0,166,B,2000.0,4.204434999999999,BTA,USD
1683062334525.0,2866,B,5000.0,4.21367,BTA,USD
1682966628050.0,1187,B,8000.0,4.2192,BTA,USD
1682974251750.0,1324,B,10000.0,4.218945,BTA,USD
1682952580825.0,953,B,9000.0,4.218299999999999,BTA,USD
1682948826525.0,903,B,5000.0,4.219245,BTA,USD
1682963379475.0,1144,S,1000.0,4.2176,BTA,USD
1682953092050.0,962,S,3000.0,4.218800000000001,BTA,USD
1682977618975.0,1418,B,6000.0,4.2197499999999994,BTA,USD
1683054337850.0,2689,S,3000.0,4.213865,BTA,USD
1682981993550.0,1499,S,9000.0,4.220645,BTA,USD
1682947403775.0,868,B,8000.0,4.219555,BTA,USD
1682979898275.0,1453,B,6000.0,4.22057,BTA,USD
1682960484025.0,1106,S,8000.0,4.218145000000001,BTA,USD
1683007208725.0,1980,B,5000.0,4.222265,BTA,USD
1682986514575.0,1588,B,3000.0,4.224019999999999,BTA,USD
1682958484750.0,1074,S,9000.0,4.2173,BTA,USD
1683024583925.0,2252,S,5000.0,4.216254999999999,BTA,USD
1683065920975.0,2932,S,9000.0,4.211785000000001,BTA,USD
1682903264850.0,116,S,10000.0,4.203895,BTA,USD
1682921150350.0,435,S,8000.0,4.215855,BTA,USD
1682984132250.0,1545,B,8000.0,4.22314,BTA,USD
1682957832875.0,1050,B,8000.0,4.217645,BTA,USD
1682933505275.0,597,B,3000.0,4.219275,BTA,USD
1682975427975.0,1351,B,3000.0,4.22004,BTA,USD
1682946906775.0,848,S,9000.0,4.219545,BTA,USD
1683000104950.0,1849,B,9000.0,4.22042,BTA,USD
1683054740650.0,2697,B,10000.0,4.2124250000000005,BTA,USD
1683003935350.0,1903,B,10000.0,4.22136,BTA,USD
1682910832750.0,249,B,1000.0,4.20716,BTA,USD
1682972009425.0,1283,S,5000.0,4.218495,BTA,USD
1682982015175.0,1502,S,4000.0,4.220915000000001,BTA,USD
1683058543675.0,2775,B,5000.0,4.213525,BTA,USD
1683060252325.0,2823,S,3000.0,4.2149849999999995,BTA,USD
1682900421725.0,50,S,9000.0,4.202525,BTA,USD
1683045200375.0,2544,S,1000.0,4.21648,BTA,USD
1682917547275.0,375,B,2000.0,4.21304,BTA,USD
1683024901775.0,2255,B,2000.0,4.216315,BTA,USD
1683004361350.0,1914,B,8000.0,4.22097,BTA,USD
1682934953425.0,637,S,9000.0,4.220244999999999,BTA,USD
1682999613425.0,1833,B,6000.0,4.220325,BTA,USD
1682942422175.0,762,B,2000.0,4.219475,BTA,USD
1683025659575.0,2263,B,3000.0,4.215375,BTA,USD
1683006172275.0,1954,B,2000.0,4.222345,BTA,USD
1682949038025.0,909,B,5000.0,4.219595,BTA,USD
1683013990675.0,2113,B,9000.0,4.219704999999999,BTA,USD
1683000104275.0,1845,B,9000.0,4.220479999999999,BTA,USD
1683055320975.0,2707,S,10000.0,4.212935,BTA,USD
1682935604450.0,650,S,9000.0,4.220355,BTA,USD
1682927666175.0,491,S,8000.0,4.221455,BTA,USD
1682912647125.0,281,B,2000.0,4.207495,BTA,USD
1682911177225.0,261,S,10000.0,4.207269999999999,BTA,USD
1682905606575.0,162,S,10000.0,4.204445,BTA,USD
1682901830625.0,83,S,5000.0,4.20454,BTA,USD
1682937360025.0,681,S,8000.0,4.220434999999999,BTA,USD
1682930701725.0,541,B,3000.0,4.219535,BTA,USD
1682934792625.0,632,B,8000.0,4.220085,BTA,USD
1682981993625.0,1500,S,10000.0,4.220665,BTA,USD
1682902558750.0,101,B,3000.0,4.20381,BTA,USD
1682913020050.0,289,S,6000.0,4.207435,BTA,USD
1682996905175.0,1789,B,7000.0,4.220610000000001,BTA,USD
1683059727125.0,2800,B,7000.0,4.213900000000001,BTA,USD
1683065466050.0,2924,S,8000.0,4.210645,BTA,USD
1683060361950.0,2824,S,9000.0,4.215714999999999,BTA,USD
1682911409425.0,269,S,8000.0,4.20743,BTA,USD
1682943354775.0,785,S,2000.0,4.219634999999999,BTA,USD
1682983854550.0,1539,S,8000.0,4.2222,BTA,USD
1683063119325.0,2881,B,9000.0,4.212605,BTA,USD
1683016867525.0,2150,B,5000.0,4.221395,BTA,USD
1683064058025.0,2905,S,8000.0,4.212470000000001,BTA,USD
1682941102475.0,742,S,5000.0,4.218204999999999,BTA,USD
1682942422275.0,763,B,3000.0,4.219455,BTA,USD
1683008054225.0,1993,B,2000.0,4.221065,BTA,USD
1683031591550.0,2333,S,7000.0,4.213464999999999,BTA,USD
1682896693825.0,12,B,1000.0,4.2002250000000005,BTA,USD
1683049772625.0,2620,B,5000.0,4.2176599999999995,BTA,USD
1682984131825.0,1544,B,9000.0,4.22316,BTA,USD
1683005277275.0,1934,S,5000.0,4.22256,BTA,USD
1682946786850.0,846,B,4000.0,4.219435,BTA,USD
1682956139625.0,1007,B,10000.0,4.2187149999999995,BTA,USD
1682912947075.0,288,B,7000.0,4.207485,BTA,USD
1683066712175.0,2944,S,10000.0,4.21115,BTA,USD
1682936874725.0,677,S,9000.0,4.220454999999999,BTA,USD
1683005538325.0,1940,S,10000.0,4.22277,BTA,USD
1682977593625.0,1414,B,4000.0,4.22028,BTA,USD
1682914872250.0,321,S,9000.0,4.20976,BTA,USD
1683006255450.0,1958,S,3000.0,4.221945000000001,BTA,USD
1682947603325.0,877,B,10000.0,4.218955,BTA,USD
1682969720175.0,1241,B,9000.0,4.22033,BTA,USD
1682946242025.0,834,B,5000.0,4.219625,BTA,USD
1682903715075.0,126,B,10000.0,4.205035,BTA,USD
1682993602825.0,1724,B,1000.0,4.22228,BTA,USD
1683006152575.0,1953,B,7000.0,4.222495,BTA,USD
1683003525675.0,1897,B,7000.0,4.221685,BTA,USD
1683030647350.0,2320,S,7000.0,4.214925,BTA,USD
1682956369225.0,1016,B,8000.0,4.217875,BTA,USD
1683010195625.0,2042,S,5000.0,4.21982,BTA,USD
1682925551350.0,474,B,6000.0,4.218685,BTA,USD
1682933526050.0,600,S,3000.0,4.219345,BTA,USD
1683053628525.0,2683,B,9000.0,4.2138800000000005,BTA,USD
1682938683725.0,704,S,10000.0,4.219405,BTA,USD
1682900054725.0,39,S,6000.0,4.20265,BTA,USD
1683061801950.0,2853,S,10000.0,4.21344,BTA,USD
1682968016750.0,1207,B,4000.0,4.218375,BTA,USD
1682969140125.0,1231,S,6000.0,4.219455,BTA,USD
1682994079450.0,1737,S,4000.0,4.22259,BTA,USD
1682948098725.0,886,B,4000.0,4.219914999999999,BTA,USD
1682905606625.0,163,S,7000.0,4.204465,BTA,USD
1682963471575.0,1150,S,5000.0,4.21772,BTA,USD
1683019221450.0,2201,S,4000.0,4.221315,BTA,USD
1682926563950.0,481,S,9000.0,4.219675,BTA,USD
1683017960525.0,2171,B,1000.0,4.222415,BTA,USD
1682896445975.0,7,B,7000.0,4.199795,BTA,USD
1682972982750.0,1294,B,2000.0,4.21734,BTA,USD
1683024902175.0,2256,B,3000.0,4.216305,BTA,USD
1683059337350.0,2793,S,3000.0,4.21482,BTA,USD
1682982906550.0,1525,B,2000.0,4.221465,BTA,USD
1682907585850.0,192,B,6000.0,4.20696,BTA,USD
1682973264750.0,1308,S,8000.0,4.2182699999999995,BTA,USD
1682958321450.0,1071,S,10000.0,4.21758,BTA,USD
1683057734050.0,2749,S,4000.0,4.214325,BTA,USD
1682994820050.0,1750,B,1000.0,4.220735,BTA,USD
1682912017325.0,273,B,4000.0,4.2076150000000005,BTA,USD
1683035109575.0,2382,S,4000.0,4.213505,BTA,USD
1683049494450.0,2614,S,3000.0,4.21795,BTA,USD
1683044519550.0,2531,B,4000.0,4.216605,BTA,USD
1682962786675.0,1131,B,10000.0,4.21599,BTA,USD
1683015422425.0,2125,B,8000.0,4.221105,BTA,USD
1682942051175.0,756,B,9000.0,4.219425,BTA,USD
1683020469675.0,2206,S,3000.0,4.219135,BTA,USD
1683053315125.0,2674,B,5000.0,4.21403,BTA,USD
1683000362775.0,1853,B,7000.0,4.220619999999999,BTA,USD
1683061016825.0,2834,B,2000.0,4.214944999999999,BTA,USD
1682929180950.0,503,S,5000.0,4.219844999999999,BTA,USD
1682900631625.0,64,S,9000.0,4.202215,BTA,USD
1683061625450.0,2851,S,8000.0,4.21338,BTA,USD
1683044936225.0,2539,S,10000.0,4.21599,BTA,USD
1682896475375.0,10,B,4000.0,4.199815,BTA,USD
1682915686925.0,330,S,3000.0,4.210095,BTA,USD
1682993173525.0,1718,B,8000.0,4.22232,BTA,USD
1683047742350.0,2574,B,7000.0,4.218485,BTA,USD
1682918626825.0,384,S,5000.0,4.21214,BTA,USD
1682948303225.0,895,S,1000.0,4.219024999999999,BTA,USD
1683000030950.0,1843,B,3000.0,4.22042,BTA,USD
1683016868175.0,2151,B,3000.0,4.221385,BTA,USD
1683044222850.0,2519,S,5000.0,4.217015000000001,BTA,USD
1682943935925.0,792,B,4000.0,4.2184349999999995,BTA,USD
1683024315150.0,2244,B,3000.0,4.216794999999999,BTA,USD
1682899930575.0,35,S,4000.0,4.202450000000001,BTA,USD
1682902559075.0,103,B,7000.0,4.20378,BTA,USD
1682920365525.0,414,S,3000.0,4.214285,BTA,USD
1682984966875.0,1565,S,3000.0,4.222815000000001,BTA,USD
1682895732350.0,1,B,2000.0,4.199715,BTA,USD
1682998471950.0,1811,B,9000.0,4.220325,BTA,USD
1682918180425.0,379,B,8000.0,4.21174,BTA,USD
1683003251925.0,1885,B,8000.0,4.221195,BTA,USD
1683040347925.0,2463,B,1000.0,4.216729999999999,BTA,USD
1683030027225.0,2314,B,7000.0,4.213455,BTA,USD
1682986816275.0,1593,B,5000.0,4.2235249999999995,BTA,USD
1683004638650.0,1921,S,5000.0,4.22117,BTA,USD
1682969642575.0,1240,S,10000.0,4.2205,BTA,USD
1682920078675.0,409,S,3000.0,4.213915,BTA,USD
1682979860775.0,1452,B,6000.0,4.22091,BTA,USD
1683042011475.0,2491,B,6000.0,4.218145,BTA,USD
1683060016525.0,2810,B,8000.0,4.21464,BTA,USD
1683060906425.0,2832,B,9000.0,4.215145,BTA,USD
1683063271950.0,2885,S,5000.0,4.212555,BTA,USD
1683030027650.0,2316,B,8000.0,4.2134149999999995,BTA,USD
1682948205475.0,887,S,10000.0,4.219945,BTA,USD
1683056211775.0,2721,B,7000.0,4.21305,BTA,USD
1682976909550.0,1394,S,1000.0,4.220655,BTA,USD
1683040094150.0,2460,B,9000.0,4.21706,BTA,USD
1682916413675.0,347,S,8000.0,4.211575000000001,BTA,USD
1682974889775.0,1343,S,10000.0,4.219715,BTA,USD
1682968346150.0,1212,S,9000.0,4.218055,BTA,USD
1682923977925.0,462,S,7000.0,4.2186,BTA,USD
1682969341425.0,1235,S,3000.0,4.219245,BTA,USD
1682963310925.0,1137,B,3000.0,4.21694,BTA,USD
1683006899250.0,1976,S,7000.0,4.222055,BTA,USD
1683025113125.0,2258,B,3000.0,4.215755,BTA,USD
1682937976150.0,695,B,8000.0,4.221095,BTA,USD
1683059315650.0,2789,S,7000.0,4.214729999999999,BTA,USD
1682967078350.0,1190,S,2000.0,4.21861,BTA,USD
1683015422325.0,2124,B,6000.0,4.221115,BTA,USD
1683035369725.0,2385,B,1000.0,4.213075,BTA,USD
1682920078025.0,407,S,5000.0,4.213875000000001,BTA,USD
1682961739050.0,1121,B,9000.0,4.217075,BTA,USD
1683062333950.0,2864,B,3000.0,4.21369,BTA,USD
1682959403225.0,1086,B,7000.0,4.21799,BTA,USD
1682967603425.0,1202,S,3000.0,4.21918,BTA,USD
1682976555275.0,1378,B,6000.0,4.220835,BTA,USD
1682907521375.0,189,S,5000.0,4.20675,BTA,USD
1683049872250.0,2624,S,8000.0,4.2173300000000005,BTA,USD
1683029894725.0,2312,B,2000.0,4.213855,BTA,USD
1682996030450.0,1775,B,10000.0,4.220955,BTA,USD
1683045200225.0,2543,S,8000.0,4.21646,BTA,USD
1682954556550.0,986,S,6000.0,4.21854,BTA,USD
1683003366750.0,1890,S,10000.0,4.221475,BTA,USD
1682954351250.0,979,B,6000.0,4.21943,BTA,USD
1682933571450.0,601,S,1000.0,4.219535,BTA,USD
1683007971350.0,1991,B,5000.0,4.221145,BTA,USD
1683062198050.0,2860,S,4000.0,4.21341,BTA,USD
1683063224225.0,2883,S,1000.0,4.212775,BTA,USD
1683051458250.0,2655,B,4000.0,4.216815,BTA,USD
1682993612725.0,1732,B,3000.0,4.22235,BTA,USD
1682930046075.0,531,B,1000.0,4.219774999999999,BTA,USD
1683017938775.0,2170,S,10000.0,4.222555,BTA,USD
1683042448450.0,2495,B,6000.0,4.217405,BTA,USD
1683042910350.0,2508,B,4000.0,4.216345,BTA,USD
1683038191850.0,2444,S,7000.0,4.215224999999999,BTA,USD
1682982697525.0,1521,S,2000.0,4.221345,BTA,USD
1683006680075.0,1971,B,10000.0,4.221505,BTA,USD
1682981249125.0,1486,B,1000.0,4.2206850000000005,BTA,USD
1682929625950.0,518,S,1000.0,4.220355,BTA,USD
1682974920650.0,1347,S,1000.0,4.2198649999999995,BTA,USD
1682942362275.0,760,S,8000.0,4.219234999999999,BTA,USD
1683023756150.0,2231,S,6000.0,4.217885,BTA,USD
1682990392750.0,1671,S,5000.0,4.22303,BTA,USD
1682956423750.0,1017,S,9000.0,4.218185,BTA,USD
1682923288925.0,455,B,5000.0,4.217409999999999,BTA,USD
1682947548625.0,874,B,6000.0,4.219025,BTA,USD
1683037896150.0,2439,B,7000.0,4.214795,BTA,USD
1682900707475.0,69,S,9000.0,4.202604999999999,BTA,USD
1682964848075.0,1160,B,3000.0,4.2182450000000005,BTA,USD
1683031817625.0,2337,S,8000.0,4.212815,BTA,USD
1682957967350.0,1057,B,10000.0,4.2178949999999995,BTA,USD
1682937394650.0,682,B,8000.0,4.220325,BTA,USD
1682962786425.0,1130,B,9000.0,4.21601,BTA,USD
1682938888450.0,714,S,9000.0,4.219035,BTA,USD
1683012547725.0,2092,S,5000.0,4.221175,BTA,USD
1682929855450.0,526,B,9000.0,4.219755,BTA,USD
1682951799125.0,948,S,4000.0,4.218534999999999,BTA,USD
1683003274275.0,1887,S,1000.0,4.221085,BTA,USD
