ts_ms,trade_id,side,size,px,lhs_ccy,rhs_ccy
1682948109825.0,885,S,5000.0,1.497825,GMMA,USD
1682992725150.0,1685,B,8000.0,1.510575,GMMA,USD
1683023401925.0,2171,B,1000.0,1.478775,GMMA,USD
1683002902150.0,1849,B,9000.0,1.489675,GMMA,USD
1682965686550.0,1195,S,6000.0,1.4980749999999998,GMMA,USD
1683016670025.0,2059,S,4000.0,1.476125,GMMA,USD
1682960546850.0,1075,B,10000.0,1.490075,GMMA,USD
1682945394925.0,837,B,7000.0,1.503525,GMMA,USD
1682929460875.0,594,B,10000.0,1.518875,GMMA,USD
1682931292850.0,649,B,8000.0,1.5187249999999999,GMMA,USD
1683054418175.0,2730,S,9000.0,1.486475,GMMA,USD
1682904650150.0,151,B,6000.0,1.50345,GMMA,USD
1682959738350.0,1058,S,10000.0,1.49825,GMMA,USD
1682990214425.0,1636,B,7000.0,1.496375,GMMA,USD
1683057768725.0,2797,B,5000.0,1.454725,GMMA,USD
1683034056775.0,2340,S,6000.0,1.482025,GMMA,USD
1682999802250.0,1785,B,6000.0,1.5039,GMMA,USD
1682902286325.0,90,S,8000.0,1.5019,GMMA,USD
1682954202350.0,973,S,1000.0,1.4997,GMMA,USD
1682927682475.0,563,B,4000.0,1.506375,GMMA,USD
1682927365850.0,555,B,3000.0,1.5029249999999998,GMMA,USD
1682921205325.0,463,S,4000.0,1.4937749999999999,GMMA,USD
1683035140875.0,2360,S,4000.0,1.4904249999999999,GMMA,USD
1682962044875.0,1113,S,4000.0,1.497375,GMMA,USD
1682909813825.0,233,B,5000.0,1.503125,GMMA,USD
1682977506750.0,1358,B,3000.0,1.512,GMMA,USD
1682980414725.0,1436,S,7000.0,1.5018500000000001,GMMA,USD
1682962913375.0,1135,S,10000.0,1.497,GMMA,USD
1683019162950.0,2091,S,1000.0,1.4763249999999999,GMMA,USD
1682902150150.0,82,S,3000.0,1.5022,GMMA,USD
1682927139950.0,548,B,5000.0,1.5037749999999999,GMMA,USD
1683007737650.0,1932,S,8000.0,1.4818749999999998,GMMA,USD
1682996565050.0,1729,B,4000.0,1.51445,GMMA,USD
1682921318025.0,471,B,4000.0,1.494225,GMMA,USD
1683033969225.0,2334,S,6000.0,1.481725,GMMA,USD
1683001858350.0,1834,S,8000.0,1.5060749999999998,GMMA,USD
1682910122775.0,253,S,7000.0,1.50475,GMMA,USD
1682945831875.0,855,B,10000.0,1.5006249999999999,GMMA,USD
1682903007625.0,111,B,4000.0,1.501075,GMMA,USD
1683063653825.0,2894,B,5000.0,1.453125,GMMA,USD
1682918589050.0,412,S,5000.0,1.51165,GMMA,USD
1682960838350.0,1082,S,9000.0,1.4910249999999998,GMMA,USD
1683008757075.0,1950,S,1000.0,1.47445,GMMA,USD
1683049691675.0,2650,S,7000.0,1.49095,GMMA,USD
1682930906375.0,633,S,7000.0,1.522575,GMMA,USD
1683035573875.0,2373,B,10000.0,1.4888249999999998,GMMA,USD
1682896085850.0,3,S,8000.0,1.5033750000000001,GMMA,USD
1682904890525.0,153,B,5000.0,1.50265,GMMA,USD
1683017904525.0,2078,S,10000.0,1.478675,GMMA,USD
1682967774075.0,1218,S,1000.0,1.49485,GMMA,USD
1682949602050.0,910,B,9000.0,1.500075,GMMA,USD
1682960589450.0,1080,S,8000.0,1.493375,GMMA,USD
1683028418250.0,2262,S,9000.0,1.493425,GMMA,USD
1682992127450.0,1680,B,4000.0,1.510125,GMMA,USD
1682909899550.0,243,B,4000.0,1.50165,GMMA,USD
1682958095725.0,1043,S,9000.0,1.4945249999999999,GMMA,USD
1683027835475.0,2255,S,2000.0,1.488225,GMMA,USD
1682958095025.0,1040,S,1000.0,1.494275,GMMA,USD
1683064952550.0,2907,B,8000.0,1.4517,GMMA,USD
1682980946350.0,1460,S,9000.0,1.509625,GMMA,USD
1683027423050.0,2244,B,3000.0,1.4876749999999999,GMMA,USD
1682925042650.0,521,B,9000.0,1.5048499999999998,GMMA,USD
1683045289875.0,2577,S,1000.0,1.49995,GMMA,USD
1682945959175.0,858,S,2000.0,1.500375,GMMA,USD
1683053638025.0,2719,S,9000.0,1.4884,GMMA,USD
1682975889450.0,1341,S,9000.0,1.52095,GMMA,USD
1682897705575.0,27,B,6000.0,1.49945,GMMA,USD
1682897149250.0,20,B,4000.0,1.5052999999999999,GMMA,USD
1683023461275.0,2172,B,7000.0,1.477125,GMMA,USD
1683044713675.0,2561,S,5000.0,1.50015,GMMA,USD
1682998892425.0,1769,B,4000.0,1.514075,GMMA,USD
1683042647250.0,2508,S,4000.0,1.4979749999999998,GMMA,USD
1683013180175.0,2000,B,9000.0,1.477225,GMMA,USD
1683048087875.0,2619,B,9000.0,1.491125,GMMA,USD
1682930957250.0,643,S,2000.0,1.523375,GMMA,USD
1683010495575.0,1964,S,5000.0,1.48475,GMMA,USD
1683053799050.0,2723,B,7000.0,1.4831,GMMA,USD
1683002681950.0,1847,S,1000.0,1.4931249999999998,GMMA,USD
1682961934625.0,1111,B,4000.0,1.493725,GMMA,USD
1683001362350.0,1820,S,8000.0,1.5028000000000001,GMMA,USD
1683003046850.0,1855,B,8000.0,1.483875,GMMA,USD
1682997861825.0,1756,S,1000.0,1.51925,GMMA,USD
1682946185275.0,871,B,7000.0,1.499475,GMMA,USD
1683030538550.0,2284,S,4000.0,1.4865249999999999,GMMA,USD
1683022314075.0,2142,B,7000.0,1.477625,GMMA,USD
1682938651450.0,759,B,10000.0,1.519175,GMMA,USD
1682935108150.0,693,S,4000.0,1.524375,GMMA,USD
1682985081450.0,1553,S,4000.0,1.4978250000000002,GMMA,USD
1682958094825.0,1039,S,6000.0,1.494175,GMMA,USD
1683014787025.0,2025,B,1000.0,1.474025,GMMA,USD
1682930934350.0,638,S,9000.0,1.522525,GMMA,USD
1683030923125.0,2288,S,1000.0,1.492175,GMMA,USD
1682980648725.0,1446,S,3000.0,1.50465,GMMA,USD
1683044714350.0,2562,S,4000.0,1.5002,GMMA,USD
1683060507575.0,2850,S,3000.0,1.4534250000000002,GMMA,USD
1682921206075.0,466,S,5000.0,1.4939749999999998,GMMA,USD
1683047835075.0,2616,B,7000.0,1.494275,GMMA,USD
1683002177675.0,1836,B,6000.0,1.499125,GMMA,USD
1682946019325.0,859,S,8000.0,1.501425,GMMA,USD
1683041296425.0,2475,B,4000.0,1.4964499999999998,GMMA,USD
1682931915675.0,654,S,7000.0,1.521375,GMMA,USD
1682925043125.0,523,B,6000.0,1.5046499999999998,GMMA,USD
1683042764125.0,2515,S,1000.0,1.4989249999999998,GMMA,USD
1682996393975.0,1728,B,1000.0,1.5135,GMMA,USD
1683039376425.0,2448,S,6000.0,1.4999,GMMA,USD
1682925080325.0,524,S,10000.0,1.50435,GMMA,USD
1683060733225.0,2854,S,10000.0,1.4556250000000002,GMMA,USD
1683044704925.0,2560,S,3000.0,1.4993,GMMA,USD
1682951240125.0,927,B,9000.0,1.504475,GMMA,USD
1683057430575.0,2786,B,9000.0,1.460675,GMMA,USD
1682904489025.0,143,B,9000.0,1.5039500000000001,GMMA,USD
1682984706150.0,1543,S,1000.0,1.5042250000000001,GMMA,USD
1682935997425.0,715,S,1000.0,1.522525,GMMA,USD
1682967682675.0,1214,B,3000.0,1.4934,GMMA,USD
1683051507325.0,2685,S,1000.0,1.4907249999999999,GMMA,USD
1682977088950.0,1353,S,9000.0,1.514675,GMMA,USD
1682936148425.0,718,B,5000.0,1.5227249999999999,GMMA,USD
1682911834775.0,278,S,5000.0,1.507525,GMMA,USD
1683054519375.0,2733,S,4000.0,1.485325,GMMA,USD
1682967683650.0,1216,B,3000.0,1.49325,GMMA,USD
1683062080725.0,2874,B,9000.0,1.44835,GMMA,USD
1682940848675.0,783,B,1000.0,1.515125,GMMA,USD
1682904415150.0,140,S,2000.0,1.5042499999999999,GMMA,USD
1682917937675.0,403,S,4000.0,1.50915,GMMA,USD
1682990285775.0,1640,B,7000.0,1.494225,GMMA,USD
1682938326950.0,752,B,3000.0,1.522025,GMMA,USD
1682917072250.0,382,S,2000.0,1.516225,GMMA,USD
1682930388950.0,616,B,5000.0,1.519125,GMMA,USD
1682975796275.0,1336,B,10000.0,1.5161499999999999,GMMA,USD
1682919554925.0,425,B,1000.0,1.5076749999999999,GMMA,USD
1682923419750.0,488,B,4000.0,1.5028499999999998,GMMA,USD
1682911766550.0,277,B,5000.0,1.504325,GMMA,USD
1683001418475.0,1824,S,2000.0,1.5019,GMMA,USD
1682980779625.0,1451,S,7000.0,1.5059500000000001,GMMA,USD
1683024010775.0,2189,S,3000.0,1.477525,GMMA,USD
1683019957750.0,2101,S,5000.0,1.473225,GMMA,USD
1683026290225.0,2217,S,5000.0,1.4864249999999999,GMMA,USD
1683026291750.0,2223,S,7000.0,1.486775,GMMA,USD
1682934231150.0,684,B,4000.0,1.5228249999999999,GMMA,USD
1682933158375.0,674,S,7000.0,1.5259749999999999,GMMA,USD
1682954442275.0,976,S,10000.0,1.5016,GMMA,USD
1682917648975.0,388,B,2000.0,1.5112,GMMA,USD
1682985206150.0,1555,S,3000.0,1.499225,GMMA,USD
1682952420750.0,950,S,1000.0,1.501525,GMMA,USD
1682927186875.0,553,B,4000.0,1.503625,GMMA,USD
1683008757275.0,1951,S,8000.0,1.47455,GMMA,USD
1682978492750.0,1376,S,8000.0,1.50515,GMMA,USD
1682917648650.0,386,B,4000.0,1.51135,GMMA,USD
1682908359050.0,211,B,10000.0,1.509425,GMMA,USD
1683047694350.0,2611,B,7000.0,1.4914749999999999,GMMA,USD
1683058326775.0,2813,S,5000.0,1.4574250000000002,GMMA,USD
1682968141150.0,1223,B,6000.0,1.490575,GMMA,USD
1682907692725.0,203,S,6000.0,1.5103,GMMA,USD
1683046895350.0,2604,S,9000.0,1.4987249999999999,GMMA,USD
1682923931650.0,498,B,9000.0,1.506,GMMA,USD
1682990856275.0,1650,S,1000.0,1.49645,GMMA,USD
1682914002150.0,337,S,8000.0,1.50285,GMMA,USD
1682997224675.0,1740,S,5000.0,1.5142,GMMA,USD
1683046895050.0,2602,S,9000.0,1.498575,GMMA,USD
1683041974575.0,2486,B,3000.0,1.500075,GMMA,USD
1682909465525.0,228,B,3000.0,1.505325,GMMA,USD
1683020698475.0,2122,B,4000.0,1.474925,GMMA,USD
1683061174850.0,2863,B,10000.0,1.448825,GMMA,USD
1682972718650.0,1287,S,4000.0,1.5058,GMMA,USD
1683036513050.0,2387,B,3000.0,1.492375,GMMA,USD
1682910120875.0,252,S,1000.0,1.50425,GMMA,USD
1682963710350.0,1149,B,4000.0,1.48985,GMMA,USD
1683038849475.0,2441,S,7000.0,1.499375,GMMA,USD
1682962795025.0,1133,S,6000.0,1.4947000000000001,GMMA,USD
1683032723550.0,2320,S,7000.0,1.4865249999999999,GMMA,USD
1682982808750.0,1508,B,1000.0,1.5062250000000001,GMMA,USD
1682988290975.0,1596,B,2000.0,1.50075,GMMA,USD
1683012180450.0,1984,S,3000.0,1.4796749999999999,GMMA,USD
1683040510275.0,2468,S,3000.0,1.50265,GMMA,USD
1683000760050.0,1809,S,4000.0,1.49815,GMMA,USD
1682897149375.0,21,B,4000.0,1.5051999999999999,GMMA,USD
1683032725250.0,2327,S,3000.0,1.487225,GMMA,USD
1683067143150.0,2945,B,6000.0,1.4609999999999999,GMMA,USD
1682956881725.0,1013,S,5000.0,1.4980749999999998,GMMA,USD
1682924551725.0,512,S,8000.0,1.5034500000000002,GMMA,USD
1682960100050.0,1064,S,10000.0,1.49325,GMMA,USD
1682906646175.0,183,S,5000.0,1.5115750000000001,GMMA,USD
1682974634775.0,1311,S,9000.0,1.5138250000000002,GMMA,USD
1682901563950.0,79,B,1000.0,1.5015999999999998,GMMA,USD
1683060229525.0,2837,B,9000.0,1.451425,GMMA,USD
1682908272950.0,208,S,7000.0,1.5135249999999998,GMMA,USD
1683038498950.0,2429,B,2000.0,1.4937749999999999,GMMA,USD
1682997743825.0,1751,S,3000.0,1.51685,GMMA,USD
1682934866325.0,689,B,3000.0,1.525725,GMMA,USD
1683003377150.0,1863,S,3000.0,1.486675,GMMA,USD
1682913299425.0,323,S,2000.0,1.5061,GMMA,USD
1682912896475.0,311,S,8000.0,1.508125,GMMA,USD
1682948811775.0,897,S,7000.0,1.499425,GMMA,USD
1682993036225.0,1687,B,4000.0,1.512675,GMMA,USD
1682896528550.0,9,S,8000.0,1.506275,GMMA,USD
1683061931350.0,2868,B,8000.0,1.4473,GMMA,USD
1682980823925.0,1458,S,8000.0,1.5079500000000001,GMMA,USD
1683040392550.0,2460,S,9000.0,1.50465,GMMA,USD
1683068210250.0,2956,B,3000.0,1.465225,GMMA,USD
1682997771750.0,1754,S,10000.0,1.5164,GMMA,USD
1682954046625.0,971,B,8000.0,1.49965,GMMA,USD
1682920970125.0,460,B,3000.0,1.495425,GMMA,USD
1682945806175.0,849,B,4000.0,1.502125,GMMA,USD
1683068392950.0,2960,S,6000.0,1.470325,GMMA,USD
1683061907025.0,2866,B,5000.0,1.4475,GMMA,USD
1682995479025.0,1723,B,2000.0,1.511975,GMMA,USD
1683004942025.0,1885,S,8000.0,1.48205,GMMA,USD
1683014169375.0,2012,B,2000.0,1.477525,GMMA,USD
1683001423625.0,1827,S,1000.0,1.5028000000000001,GMMA,USD
1683066306125.0,2934,S,10000.0,1.4625000000000001,GMMA,USD
1682909854450.0,240,B,5000.0,1.50365,GMMA,USD
1683060043175.0,2833,B,1000.0,1.450525,GMMA,USD
1683012098625.0,1981,S,5000.0,1.479075,GMMA,USD
1682975795625.0,1333,B,3000.0,1.5164,GMMA,USD
1682994767250.0,1705,B,9000.0,1.518025,GMMA,USD
1683034370825.0,2346,S,1000.0,1.482575,GMMA,USD
1683031877675.0,2305,B,4000.0,1.4856749999999999,GMMA,USD
1683025606850.0,2207,S,8000.0,1.4857749999999998,GMMA,USD
1682943800825.0,825,S,5000.0,1.5168249999999999,GMMA,USD
1682932917850.0,667,S,8000.0,1.527425,GMMA,USD
1682965045450.0,1177,B,4000.0,1.492225,GMMA,USD
1682968513575.0,1229,S,6000.0,1.490775,GMMA,USD
1683014650050.0,2020,S,2000.0,1.475025,GMMA,USD
1682897149750.0,22,B,4000.0,1.5050999999999999,GMMA,USD
1683038650225.0,2432,S,10000.0,1.493275,GMMA,USD
1682951674575.0,932,S,8000.0,1.504025,GMMA,USD
1682976195975.0,1344,B,5000.0,1.52355,GMMA,USD
1682927610025.0,560,B,5000.0,1.506175,GMMA,USD
1683065391825.0,2922,B,6000.0,1.452725,GMMA,USD
1682931931675.0,657,S,7000.0,1.521825,GMMA,USD
1683060485050.0,2847,S,8000.0,1.4520250000000001,GMMA,USD
1683057122875.0,2784,S,7000.0,1.46695,GMMA,USD
1682917886250.0,401,B,4000.0,1.5087,GMMA,USD
1682960839050.0,1084,S,8000.0,1.491175,GMMA,USD
1682924115625.0,506,S,5000.0,1.5078,GMMA,USD
1682965045325.0,1176,B,2000.0,1.492325,GMMA,USD
1682951836375.0,936,B,9000.0,1.504475,GMMA,USD
1682905084225.0,161,B,6000.0,1.4986,GMMA,USD
1682974407175.0,1306,B,6000.0,1.512425,GMMA,USD
1682988602625.0,1602,B,3000.0,1.5024,GMMA,USD
1683038962775.0,2445,B,9000.0,1.4988,GMMA,USD
1682899727850.0,55,B,10000.0,1.5001,GMMA,USD
1682948316025.0,888,B,10000.0,1.497175,GMMA,USD
1683060043025.0,2832,B,9000.0,1.450575,GMMA,USD
1682943689850.0,824,B,10000.0,1.514775,GMMA,USD
1683028940575.0,2270,B,3000.0,1.487925,GMMA,USD
1683017904650.0,2079,S,9000.0,1.478775,GMMA,USD
1682986625250.0,1578,B,10000.0,1.507625,GMMA,USD
1683057770450.0,2801,B,3000.0,1.454375,GMMA,USD
1682975423025.0,1327,S,10000.0,1.51495,GMMA,USD
1683066797925.0,2939,S,3000.0,1.4598,GMMA,USD
1683013338350.0,2001,S,3000.0,1.479875,GMMA,USD
1683009374275.0,1954,S,2000.0,1.4876500000000001,GMMA,USD
1683003890525.0,1873,S,5000.0,1.48765,GMMA,USD
1683034145250.0,2344,B,4000.0,1.480375,GMMA,USD
1683006338050.0,1914,S,8000.0,1.484325,GMMA,USD
1682965448150.0,1184,S,10000.0,1.4937749999999999,GMMA,USD
1682989255775.0,1620,B,7000.0,1.496225,GMMA,USD
1683042930350.0,2519,B,5000.0,1.496075,GMMA,USD
1682902563450.0,97,B,10000.0,1.4977,GMMA,USD
1683021145225.0,2130,S,3000.0,1.479625,GMMA,USD
1683046601375.0,2599,B,9000.0,1.49785,GMMA,USD
1683022631050.0,2154,B,2000.0,1.478475,GMMA,USD
1682902286725.0,93,S,7000.0,1.50215,GMMA,USD
1682999802050.0,1783,B,8000.0,1.5040499999999999,GMMA,USD
1682982808450.0,1507,B,1000.0,1.506275,GMMA,USD
1682988097650.0,1594,B,3000.0,1.4950999999999999,GMMA,USD
1683058697050.0,2814,S,1000.0,1.46,GMMA,USD
1683042348825.0,2503,S,2000.0,1.503925,GMMA,USD
1683050406775.0,2668,B,2000.0,1.49185,GMMA,USD
1683024265350.0,2196,S,4000.0,1.477625,GMMA,USD
1682978378050.0,1374,B,2000.0,1.50235,GMMA,USD
1682977432225.0,1356,S,2000.0,1.514475,GMMA,USD
1682957217775.0,1015,B,5000.0,1.492925,GMMA,USD
1682907476675.0,198,B,8000.0,1.5085,GMMA,USD
1683032467125.0,2312,B,2000.0,1.488125,GMMA,USD
1683006210775.0,1906,B,2000.0,1.484975,GMMA,USD
1683047694550.0,2612,B,9000.0,1.491425,GMMA,USD
1683005070050.0,1886,B,1000.0,1.4818500000000001,GMMA,USD
1682947756275.0,882,B,5000.0,1.498875,GMMA,USD
1683044683250.0,2553,S,5000.0,1.49855,GMMA,USD
1682928727750.0,579,B,2000.0,1.514425,GMMA,USD
1682998891875.0,1767,B,9000.0,1.514275,GMMA,USD
1682935800475.0,705,S,9000.0,1.521725,GMMA,USD
1683011193925.0,1969,S,6000.0,1.48255,GMMA,USD
1683015386025.0,2034,B,4000.0,1.4726249999999999,GMMA,USD
1683063171450.0,2891,S,4000.0,1.4564750000000002,GMMA,USD
1683006785875.0,1924,S,2000.0,1.483425,GMMA,USD
1683006350475.0,1920,S,9000.0,1.485225,GMMA,USD
1682986523125.0,1574,S,7000.0,1.5079,GMMA,USD
1682951442050.0,928,B,10000.0,1.5027249999999999,GMMA,USD
1682957621150.0,1025,B,6000.0,1.4895749999999999,GMMA,USD
1682938250475.0,749,S,5000.0,1.5238749999999999,GMMA,USD
1682977088750.0,1352,S,8000.0,1.514575,GMMA,USD
1683012180625.0,1985,S,4000.0,1.479725,GMMA,USD
1682927967050.0,566,B,10000.0,1.506225,GMMA,USD
1682990731325.0,1647,S,6000.0,1.4962,GMMA,USD
1682958216625.0,1046,B,3000.0,1.49405,GMMA,USD
1683044918325.0,2566,B,2000.0,1.5018,GMMA,USD
1682999668025.0,1780,S,7000.0,1.5079,GMMA,USD
1682910179475.0,255,B,6000.0,1.5047,GMMA,USD
1682959792425.0,1059,S,6000.0,1.49835,GMMA,USD
1682912861350.0,308,S,4000.0,1.506675,GMMA,USD
1682919555250.0,426,B,1000.0,1.507625,GMMA,USD
1682986523375.0,1575,S,2000.0,1.508,GMMA,USD
1682935059075.0,691,S,9000.0,1.5252249999999998,GMMA,USD
1682970116650.0,1252,B,3000.0,1.4936999999999998,GMMA,USD
1682944388450.0,830,S,8000.0,1.511375,GMMA,USD
1682967156125.0,1211,S,7000.0,1.4947,GMMA,USD
1683065059125.0,2913,S,6000.0,1.452825,GMMA,USD
1683014645175.0,2018,S,7000.0,1.474375,GMMA,USD
1682931915825.0,655,S,4000.0,1.521425,GMMA,USD
1682981729975.0,1482,S,6000.0,1.516075,GMMA,USD
1682980570075.0,1439,B,2000.0,1.5027,GMMA,USD
1683000688150.0,1804,B,10000.0,1.49695,GMMA,USD
1682969331550.0,1239,B,2000.0,1.495575,GMMA,USD
1682952072325.0,943,B,9000.0,1.501925,GMMA,USD
1682937577375.0,737,B,10000.0,1.5229249999999999,GMMA,USD
1682961863475.0,1110,B,4000.0,1.493325,GMMA,USD
1683003534950.0,1868,S,9000.0,1.488175,GMMA,USD
1683022493075.0,2151,S,3000.0,1.4768249999999998,GMMA,USD
1683053940025.0,2726,S,6000.0,1.4847,GMMA,USD
1682939069450.0,768,B,8000.0,1.518225,GMMA,USD
1682912174025.0,290,B,9000.0,1.506325,GMMA,USD
1682960228750.0,1073,B,3000.0,1.4926,GMMA,USD
1683057649875.0,2792,S,2000.0,1.457675,GMMA,USD
1683014055550.0,2010,S,10000.0,1.4764249999999999,GMMA,USD
1683049937350.0,2653,B,5000.0,1.49095,GMMA,USD
1682912652850.0,302,B,10000.0,1.5046249999999999,GMMA,USD
1682931278275.0,648,B,2000.0,1.519125,GMMA,USD
1682981621225.0,1478,B,5000.0,1.511325,GMMA,USD
1682928262675.0,572,B,6000.0,1.506525,GMMA,USD
1683041296650.0,2476,B,1000.0,1.4963499999999998,GMMA,USD
1683064922025.0,2905,B,8000.0,1.4519,GMMA,USD
1682982809175.0,1511,B,8000.0,1.506025,GMMA,USD
1682911999925.0,284,S,3000.0,1.506525,GMMA,USD
1682935800725.0,707,S,6000.0,1.521925,GMMA,USD
1682903952750.0,130,B,7000.0,1.500625,GMMA,USD
1682998312225.0,1761,B,4000.0,1.518775,GMMA,USD
1682909899875.0,244,B,2000.0,1.5016,GMMA,USD
1682899658650.0,54,S,9000.0,1.5011999999999999,GMMA,USD
1682923736775.0,494,S,3000.0,1.5063000000000002,GMMA,USD
1683046989925.0,2605,B,2000.0,1.496975,GMMA,USD
1683034889975.0,2351,B,7000.0,1.483825,GMMA,USD
1683042647450.0,2509,S,5000.0,1.4980749999999998,GMMA,USD
1682976438575.0,1349,B,7000.0,1.520075,GMMA,USD
1683055680250.0,2753,S,5000.0,1.4754749999999999,GMMA,USD
1682922453775.0,482,B,2000.0,1.49395,GMMA,USD
1682981557475.0,1471,B,5000.0,1.508925,GMMA,USD
1682978107825.0,1368,S,3000.0,1.50745,GMMA,USD
1682923664025.0,492,S,6000.0,1.5036500000000002,GMMA,USD
1682963899525.0,1153,S,3000.0,1.4895,GMMA,USD
1682914895175.0,354,S,1000.0,1.5092500000000002,GMMA,USD
1682989885025.0,1628,S,6000.0,1.497225,GMMA,USD
1683049938950.0,2656,B,1000.0,1.4907,GMMA,USD
1682897706650.0,30,B,4000.0,1.49915,GMMA,USD
1683026290025.0,2216,S,1000.0,1.486325,GMMA,USD
1682913588750.0,331,B,9000.0,1.5088499999999998,GMMA,USD
1683031465775.0,2294,S,4000.0,1.487925,GMMA,USD
1683068393225.0,2961,S,1000.0,1.470425,GMMA,USD
1682919723175.0,427,B,9000.0,1.508475,GMMA,USD
1682945958475.0,857,S,2000.0,1.500325,GMMA,USD
1682914787825.0,352,S,9000.0,1.51035,GMMA,USD
1682973725125.0,1298,S,8000.0,1.5166250000000001,GMMA,USD
1682929850575.0,598,S,8000.0,1.5167249999999999,GMMA,USD
1683016451775.0,2051,B,5000.0,1.476075,GMMA,USD
1683001040925.0,1814,S,10000.0,1.50085,GMMA,USD
1682980217275.0,1429,S,7000.0,1.5018500000000001,GMMA,USD
1683035362850.0,2365,S,3000.0,1.4905249999999999,GMMA,USD
1683053798925.0,2722,B,2000.0,1.4832,GMMA,USD
1683057768475.0,2794,B,7000.0,1.454925,GMMA,USD
1683011905425.0,1980,B,5000.0,1.481275,GMMA,USD
1683015223450.0,2033,B,9000.0,1.4695749999999999,GMMA,USD
1682906423550.0,181,S,2000.0,1.5101250000000002,GMMA,USD
1683062799550.0,2880,S,9000.0,1.4545750000000002,GMMA,USD
1683036542075.0,2389,S,4000.0,1.493375,GMMA,USD
1682970048625.0,1250,B,3000.0,1.4949,GMMA,USD
1682935303675.0,697,S,3000.0,1.527375,GMMA,USD
1682900844550.0,67,S,7000.0,1.5032750000000001,GMMA,USD
1683037214250.0,2406,B,7000.0,1.492025,GMMA,USD
1683063922625.0,2896,S,5000.0,1.45695,GMMA,USD
1682963872625.0,1152,B,5000.0,1.4889999999999999,GMMA,USD
1682919052250.0,416,S,5000.0,1.5075,GMMA,USD
1682915733650.0,367,B,6000.0,1.508425,GMMA,USD
1682949519775.0,908,B,8000.0,1.501375,GMMA,USD
1683046276875.0,2591,B,6000.0,1.49725,GMMA,USD
1682967155450.0,1209,S,5000.0,1.49455,GMMA,USD
1682994272750.0,1695,B,1000.0,1.52135,GMMA,USD
1683049333075.0,2639,B,3000.0,1.4901499999999999,GMMA,USD
1682928921725.0,584,S,1000.0,1.515625,GMMA,USD
1682912653275.0,304,B,7000.0,1.504475,GMMA,USD
1683042510375.0,2504,S,2000.0,1.501275,GMMA,USD
1683038414850.0,2428,B,9000.0,1.494275,GMMA,USD
1682904896325.0,155,B,8000.0,1.502,GMMA,USD
1682931163625.0,646,B,1000.0,1.520775,GMMA,USD
1682922762275.0,483,S,5000.0,1.4993,GMMA,USD
1682916615175.0,374,B,5000.0,1.507425,GMMA,USD
1682981797825.0,1485,S,4000.0,1.516775,GMMA,USD
1682930891225.0,631,B,5000.0,1.5217749999999999,GMMA,USD
1682908143825.0,207,B,6000.0,1.5149,GMMA,USD
1682980347425.0,1434,S,7000.0,1.50075,GMMA,USD
1682910239825.0,260,S,7000.0,1.50515,GMMA,USD
1682914692375.0,351,B,10000.0,1.5078999999999998,GMMA,USD
1682920272775.0,442,B,8000.0,1.498025,GMMA,USD
1682910179325.0,254,B,1000.0,1.5048,GMMA,USD
1683032442550.0,2308,B,4000.0,1.488375,GMMA,USD
1682900177975.0,60,B,9000.0,1.498775,GMMA,USD
1683034006725.0,2337,B,8000.0,1.480375,GMMA,USD
1682970405975.0,1256,B,4000.0,1.49155,GMMA,USD
1682969223225.0,1233,S,10000.0,1.498225,GMMA,USD
1683001077675.0,1818,S,5000.0,1.5024000000000002,GMMA,USD
1682911845675.0,280,S,8000.0,1.5073249999999998,GMMA,USD
1682905827350.0,169,B,2000.0,1.502275,GMMA,USD
1682979726450.0,1419,B,1000.0,1.497975,GMMA,USD
1682927151925.0,551,S,3000.0,1.504125,GMMA,USD
1683061174475.0,2862,B,9000.0,1.448875,GMMA,USD
1683045283750.0,2572,B,1000.0,1.499,GMMA,USD
1683063918425.0,2895,S,6000.0,1.4565,GMMA,USD
1682950158325.0,920,S,2000.0,1.497175,GMMA,USD
1683035531950.0,2371,S,8000.0,1.489825,GMMA,USD
1682943869925.0,828,S,2000.0,1.5179749999999999,GMMA,USD
1682951227175.0,925,S,2000.0,1.505475,GMMA,USD
1683017444650.0,2071,B,2000.0,1.474275,GMMA,USD
1683066364950.0,2936,S,3000.0,1.4616,GMMA,USD
1682931931550.0,656,S,9000.0,1.5217749999999999,GMMA,USD
1683035140950.0,2361,S,6000.0,1.4905249999999999,GMMA,USD
1682993097550.0,1688,S,2000.0,1.512725,GMMA,USD
1682967773825.0,1217,S,9000.0,1.49475,GMMA,USD
1682970471025.0,1257,S,4000.0,1.4913500000000002,GMMA,USD
1682938651325.0,758,B,10000.0,1.519225,GMMA,USD
1683036115550.0,2384,B,10000.0,1.491525,GMMA,USD
1683053937150.0,2725,S,8000.0,1.48435,GMMA,USD
1682913588275.0,329,B,5000.0,1.509,GMMA,USD
1682953260875.0,964,S,10000.0,1.5032500000000002,GMMA,USD
1682947990725.0,884,S,3000.0,1.498025,GMMA,USD
1683062557450.0,2878,S,2000.0,1.45035,GMMA,USD
1682979661875.0,1410,S,9000.0,1.502375,GMMA,USD
1682930059825.0,605,B,1000.0,1.517425,GMMA,USD
1683060485175.0,2848,S,6000.0,1.452125,GMMA,USD
1683060484750.0,2845,S,5000.0,1.4519250000000001,GMMA,USD
1683013628975.0,2008,B,5000.0,1.478275,GMMA,USD
1682941206250.0,793,B,9000.0,1.514525,GMMA,USD
1683055680325.0,2754,S,6000.0,1.475525,GMMA,USD
1682897705650.0,28,B,9000.0,1.49935,GMMA,USD
1683023477075.0,2174,S,1000.0,1.478675,GMMA,USD
1682994833925.0,1711,B,5000.0,1.516575,GMMA,USD
1682957787125.0,1030,B,3000.0,1.488875,GMMA,USD
1683049660150.0,2648,S,9000.0,1.4898500000000001,GMMA,USD
1682972033775.0,1276,S,2000.0,1.5025750000000002,GMMA,USD
1682914267350.0,340,S,10000.0,1.5053,GMMA,USD
1682948653225.0,893,S,4000.0,1.500675,GMMA,USD
1683015545650.0,2040,B,7000.0,1.478175,GMMA,USD
1682955475325.0,993,B,1000.0,1.5028,GMMA,USD
1683017235650.0,2069,S,10000.0,1.479125,GMMA,USD
1683065497150.0,2924,S,8000.0,1.4536250000000002,GMMA,USD
1682962336950.0,1122,S,9000.0,1.499725,GMMA,USD
1682904193725.0,134,B,5000.0,1.50355,GMMA,USD
1683017883075.0,2076,B,10000.0,1.477775,GMMA,USD
1682960721525.0,1081,B,6000.0,1.488975,GMMA,USD
1682904896075.0,154,B,10000.0,1.50205,GMMA,USD
1683063156050.0,2890,S,7000.0,1.456325,GMMA,USD
1682980068450.0,1426,B,6000.0,1.5003499999999999,GMMA,USD
1683031610725.0,2299,S,5000.0,1.4878749999999998,GMMA,USD
1683053081850.0,2700,B,4000.0,1.49125,GMMA,USD
1682983109175.0,1523,S,10000.0,1.50605,GMMA,USD
1683013077525.0,1993,S,2000.0,1.480275,GMMA,USD
1683005247925.0,1894,B,2000.0,1.47855,GMMA,USD
1683025097275.0,2200,S,1000.0,1.4818749999999998,GMMA,USD
1682970547225.0,1260,S,6000.0,1.49505,GMMA,USD
1682901512125.0,76,B,5000.0,1.50325,GMMA,USD
1682933361350.0,678,B,7000.0,1.525225,GMMA,USD
1683026290425.0,2218,S,8000.0,1.486475,GMMA,USD
1683033969475.0,2335,S,1000.0,1.4817749999999998,GMMA,USD
1683025865150.0,2212,B,5000.0,1.486825,GMMA,USD
1683049226050.0,2638,B,9000.0,1.4909999999999999,GMMA,USD
1683055410950.0,2744,S,8000.0,1.4740749999999998,GMMA,USD
1683032466975.0,2311,B,4000.0,1.488175,GMMA,USD
1683017518850.0,2073,B,8000.0,1.474825,GMMA,USD
1683003535025.0,1869,S,5000.0,1.488275,GMMA,USD
1682960582025.0,1078,S,5000.0,1.4927249999999999,GMMA,USD
1682911696125.0,276,B,9000.0,1.505775,GMMA,USD
1682923736625.0,493,S,6000.0,1.5062000000000002,GMMA,USD
1683054665125.0,2736,B,4000.0,1.480675,GMMA,USD
1682926222325.0,532,B,2000.0,1.504275,GMMA,USD
1683008371075.0,1943,B,6000.0,1.476975,GMMA,USD
1682920754025.0,453,B,9000.0,1.495275,GMMA,USD
1683025606375.0,2206,S,3000.0,1.485725,GMMA,USD
1682920271550.0,439,B,10000.0,1.498225,GMMA,USD
1682975796075.0,1335,B,3000.0,1.5162499999999999,GMMA,USD
1682897706275.0,29,B,9000.0,1.49925,GMMA,USD
1682949007650.0,904,B,7000.0,1.4948249999999998,GMMA,USD
1682897252825.0,26,S,5000.0,1.5068000000000001,GMMA,USD
1683038113175.0,2419,S,4000.0,1.496075,GMMA,USD
1682941920350.0,801,S,5000.0,1.516325,GMMA,USD
1683043895475.0,2537,B,9000.0,1.493025,GMMA,USD
1682983414525.0,1528,B,10000.0,1.50505,GMMA,USD
1683052537150.0,2689,S,3000.0,1.49275,GMMA,USD
1682980068125.0,1424,B,7000.0,1.5005,GMMA,USD
1683036363725.0,2385,B,1000.0,1.493975,GMMA,USD
1682968326025.0,1227,S,4000.0,1.492875,GMMA,USD
1683042646950.0,2507,S,4000.0,1.497925,GMMA,USD
1683022734775.0,2160,S,1000.0,1.480225,GMMA,USD
1683054518825.0,2731,S,4000.0,1.4851249999999998,GMMA,USD
1682922969250.0,485,S,2000.0,1.5038500000000001,GMMA,USD
1683041939675.0,2484,S,3000.0,1.499225,GMMA,USD
1682954963125.0,987,B,9000.0,1.5025499999999998,GMMA,USD
1683067806050.0,2952,B,3000.0,1.467675,GMMA,USD
1682935303425.0,696,S,2000.0,1.527325,GMMA,USD
1682906744150.0,185,S,8000.0,1.5121250000000002,GMMA,USD
1682979055875.0,1397,S,5000.0,1.5081250000000002,GMMA,USD
1682964665425.0,1167,S,8000.0,1.4936749999999999,GMMA,USD
1682912000050.0,285,S,5000.0,1.5066249999999999,GMMA,USD
1683026223950.0,2215,S,3000.0,1.485925,GMMA,USD
1683000106975.0,1789,S,7000.0,1.5085000000000002,GMMA,USD
1682906222725.0,175,S,1000.0,1.5105250000000001,GMMA,USD
1682912479650.0,298,B,4000.0,1.506025,GMMA,USD
1682936915525.0,726,S,1000.0,1.525925,GMMA,USD
1682913509125.0,326,B,2000.0,1.50755,GMMA,USD
1682908999050.0,222,B,1000.0,1.510875,GMMA,USD
1682917648425.0,385,B,9000.0,1.51145,GMMA,USD
1683041980350.0,2490,S,5000.0,1.5007249999999999,GMMA,USD
1682993858950.0,1692,S,2000.0,1.5193,GMMA,USD
1683021969350.0,2136,B,6000.0,1.475175,GMMA,USD
1683064708950.0,2901,S,2000.0,1.4577,GMMA,USD
1683001041275.0,1815,S,6000.0,1.5009000000000001,GMMA,USD
1682929461050.0,595,B,10000.0,1.518775,GMMA,USD
1682979083325.0,1401,B,8000.0,1.505875,GMMA,USD
1682965502525.0,1186,S,7000.0,1.493525,GMMA,USD
1683036541975.0,2388,S,2000.0,1.493275,GMMA,USD
1683006295725.0,1911,S,5000.0,1.483225,GMMA,USD
1682904527875.0,147,B,3000.0,1.50265,GMMA,USD
1683064827850.0,2902,B,8000.0,1.45375,GMMA,USD
1682994572950.0,1700,B,8000.0,1.5172999999999999,GMMA,USD
1682980570450.0,1441,B,3000.0,1.5025499999999998,GMMA,USD
1682968292125.0,1225,S,7000.0,1.4925249999999999,GMMA,USD
1683038833425.0,2437,B,2000.0,1.498425,GMMA,USD
1683014088950.0,2011,S,8000.0,1.4765249999999999,GMMA,USD
1682994278850.0,1696,B,4000.0,1.5205499999999998,GMMA,USD
1682903491975.0,122,S,10000.0,1.5017250000000002,GMMA,USD
1683003413575.0,1866,S,6000.0,1.487375,GMMA,USD
1683053497275.0,2717,S,5000.0,1.48785,GMMA,USD
1683001523950.0,1828,S,1000.0,1.5051,GMMA,USD
1683003405550.0,1865,B,8000.0,1.486125,GMMA,USD
1682973971125.0,1302,B,2000.0,1.514625,GMMA,USD
1683023850475.0,2184,S,9000.0,1.4776749999999998,GMMA,USD
1682998679725.0,1764,S,9000.0,1.517575,GMMA,USD
1682986219550.0,1567,B,4000.0,1.50515,GMMA,USD
1682997411850.0,1745,S,3000.0,1.51395,GMMA,USD
1683059320825.0,2825,B,9000.0,1.45295,GMMA,USD
1682938061125.0,745,B,2000.0,1.524375,GMMA,USD
1682902150775.0,85,S,5000.0,1.5024000000000002,GMMA,USD
1682914691850.0,348,B,9000.0,1.5082,GMMA,USD
1682985252550.0,1557,S,5000.0,1.5014750000000001,GMMA,USD
1683056651750.0,2774,S,10000.0,1.4771,GMMA,USD
1683061077725.0,2858,B,8000.0,1.451575,GMMA,USD
1682999464625.0,1776,B,8000.0,1.510725,GMMA,USD
1683037687975.0,2414,S,2000.0,1.4936749999999999,GMMA,USD
1682913249650.0,317,S,4000.0,1.50685,GMMA,USD
1682913588075.0,327,B,2000.0,1.50915,GMMA,USD
1682945681575.0,844,B,7000.0,1.501275,GMMA,USD
1682910231575.0,259,B,7000.0,1.5043,GMMA,USD
1682902563225.0,96,B,9000.0,1.49775,GMMA,USD
1683000130950.0,1795,S,1000.0,1.50875,GMMA,USD
1683050495125.0,2672,S,2000.0,1.4918,GMMA,USD
1682961863375.0,1109,B,1000.0,1.493425,GMMA,USD
1682904489625.0,146,B,3000.0,1.5037,GMMA,USD
1682964028175.0,1155,B,4000.0,1.4884499999999998,GMMA,USD
1683046752475.0,2600,B,10000.0,1.49855,GMMA,USD
1682908142425.0,205,B,8000.0,1.51505,GMMA,USD
1683005248075.0,1895,B,8000.0,1.4785,GMMA,USD
1682943505950.0,813,B,3000.0,1.518625,GMMA,USD
1682917956075.0,404,S,1000.0,1.5106,GMMA,USD
1683021308175.0,2132,B,7000.0,1.479075,GMMA,USD
1683040756425.0,2473,S,9000.0,1.4999500000000001,GMMA,USD
1683034370375.0,2345,S,2000.0,1.482475,GMMA,USD
1683046285275.0,2592,S,2000.0,1.4983,GMMA,USD
1682909137325.0,226,S,6000.0,1.5110249999999998,GMMA,USD
1683051343850.0,2682,B,8000.0,1.488325,GMMA,USD
1682975563975.0,1328,S,8000.0,1.5184,GMMA,USD
1683062800425.0,2881,S,9000.0,1.4546750000000002,GMMA,USD
1683034144525.0,2343,B,9000.0,1.480475,GMMA,USD
1682991506725.0,1669,B,2000.0,1.4996,GMMA,USD
1683053798350.0,2720,B,4000.0,1.4833,GMMA,USD
1682945831525.0,852,B,9000.0,1.5008249999999999,GMMA,USD
1682909831925.0,234,S,4000.0,1.5036,GMMA,USD
1683011789350.0,1976,B,7000.0,1.483625,GMMA,USD
1682911345150.0,270,S,7000.0,1.505,GMMA,USD
1682995781575.0,1726,B,10000.0,1.513825,GMMA,USD
1682972600025.0,1284,B,5000.0,1.50405,GMMA,USD
1682991378075.0,1664,B,4000.0,1.4978,GMMA,USD
1682915024575.0,357,S,6000.0,1.5090000000000001,GMMA,USD
1682973779375.0,1299,S,8000.0,1.517325,GMMA,USD
1682911834925.0,279,S,6000.0,1.5075749999999999,GMMA,USD
1682927866225.0,565,S,7000.0,1.5080749999999998,GMMA,USD
1682964940925.0,1173,B,3000.0,1.493675,GMMA,USD
1683003547175.0,1870,B,6000.0,1.486825,GMMA,USD
1683036583825.0,2393,B,6000.0,1.493075,GMMA,USD
1683023874375.0,2186,S,4000.0,1.478575,GMMA,USD
1683014587325.0,2017,B,8000.0,1.474275,GMMA,USD
1682940848550.0,782,B,2000.0,1.515175,GMMA,USD
1682989407925.0,1623,B,1000.0,1.4943250000000001,GMMA,USD
1683061021150.0,2856,B,8000.0,1.451875,GMMA,USD
1682902357125.0,94,B,5000.0,1.50195,GMMA,USD
1682935996250.0,711,S,4000.0,1.522225,GMMA,USD
1682912258550.0,293,S,2000.0,1.506025,GMMA,USD
1683004101725.0,1880,B,4000.0,1.4879,GMMA,USD
1682983671725.0,1530,B,7000.0,1.5052999999999999,GMMA,USD
1682962463375.0,1125,B,5000.0,1.4984,GMMA,USD
1682897252375.0,24,S,7000.0,1.50665,GMMA,USD
1683046555225.0,2597,B,5000.0,1.499,GMMA,USD
1682924588075.0,514,S,8000.0,1.5039500000000001,GMMA,USD
1683014702675.0,2022,S,6000.0,1.4743249999999999,GMMA,USD
1683014517775.0,2015,S,9000.0,1.478075,GMMA,USD
1682974995025.0,1314,S,6000.0,1.51735,GMMA,USD
1682991365650.0,1659,B,7000.0,1.499,GMMA,USD
1682928581275.0,576,S,1000.0,1.512425,GMMA,USD
1682939553475.0,777,B,7000.0,1.5167249999999999,GMMA,USD
1683032723475.0,2319,S,10000.0,1.486475,GMMA,USD
1682916481750.0,372,S,3000.0,1.508225,GMMA,USD
1683044918125.0,2565,B,4000.0,1.5019,GMMA,USD
1682934721175.0,687,B,10000.0,1.525175,GMMA,USD
1682920410625.0,450,S,3000.0,1.496225,GMMA,USD
1683061077825.0,2859,B,8000.0,1.451475,GMMA,USD
1682897148775.0,19,B,8000.0,1.50535,GMMA,USD
1682982089150.0,1487,S,7000.0,1.5185250000000001,GMMA,USD
1682991526825.0,1672,S,5000.0,1.50095,GMMA,USD
1682897983950.0,34,S,1000.0,1.4991750000000001,GMMA,USD
1682925989075.0,530,S,9000.0,1.506375,GMMA,USD
1682973700550.0,1297,B,4000.0,1.514125,GMMA,USD
1683008492450.0,1945,B,10000.0,1.47545,GMMA,USD
1683008070475.0,1934,B,5000.0,1.476675,GMMA,USD
1683041573075.0,2479,S,7000.0,1.4959500000000001,GMMA,USD
1682941879150.0,800,B,7000.0,1.515925,GMMA,USD
1682903044775.0,114,S,5000.0,1.502725,GMMA,USD
1682947045950.0,878,S,6000.0,1.4958749999999998,GMMA,USD
1682977506950.0,1360,B,8000.0,1.5119,GMMA,USD
1683067143225.0,2946,B,7000.0,1.46095,GMMA,USD
1682909854050.0,236,B,1000.0,1.5039,GMMA,USD
1682974134175.0,1303,B,9000.0,1.5135750000000001,GMMA,USD
1682949438950.0,907,S,3000.0,1.500775,GMMA,USD
1682933158675.0,676,S,9000.0,1.526125,GMMA,USD
1683036959325.0,2401,B,1000.0,1.489525,GMMA,USD
1683048277950.0,2624,B,8000.0,1.4894749999999999,GMMA,USD
1682943102450.0,809,B,8000.0,1.520125,GMMA,USD
1682987233225.0,1584,B,10000.0,1.499525,GMMA,USD
1683000107050.0,1790,S,4000.0,1.5086000000000002,GMMA,USD
1682999293250.0,1772,S,7000.0,1.5143749999999998,GMMA,USD
1683042181175.0,2496,S,5000.0,1.5020749999999998,GMMA,USD
1682980414925.0,1437,S,6000.0,1.5019500000000001,GMMA,USD
1682919065425.0,417,B,4000.0,1.5058,GMMA,USD
1683014963475.0,2032,B,5000.0,1.471725,GMMA,USD
1682905923425.0,170,S,5000.0,1.505675,GMMA,USD
1682902286550.0,92,S,7000.0,1.50205,GMMA,USD
1683028235725.0,2258,S,3000.0,1.4914749999999999,GMMA,USD
1682994539125.0,1698,B,5000.0,1.518,GMMA,USD
1682934754875.0,688,B,8000.0,1.524875,GMMA,USD
1683057909775.0,2805,B,9000.0,1.454375,GMMA,USD
1682966625575.0,1201,S,3000.0,1.49475,GMMA,USD
1683038739775.0,2434,B,8000.0,1.495275,GMMA,USD
1682912318675.0,296,S,10000.0,1.5058749999999999,GMMA,USD
1682932918450.0,671,S,4000.0,1.527625,GMMA,USD
1682906266075.0,179,B,3000.0,1.508925,GMMA,USD
1682965548750.0,1194,S,8000.0,1.4941749999999998,GMMA,USD
1683031610425.0,2297,S,4000.0,1.487725,GMMA,USD
1682896916125.0,14,S,9000.0,1.5034,GMMA,USD
1682975407125.0,1325,B,8000.0,1.5132999999999999,GMMA,USD
1683011516650.0,1970,B,8000.0,1.4828999999999999,GMMA,USD
1682966919225.0,1208,B,6000.0,1.49345,GMMA,USD
1682907400875.0,197,B,10000.0,1.5083499999999999,GMMA,USD
1682962913225.0,1134,S,1000.0,1.49695,GMMA,USD
1683032722950.0,2316,S,8000.0,1.486275,GMMA,USD
1683042688375.0,2511,S,9000.0,1.499325,GMMA,USD
1682966625375.0,1200,S,5000.0,1.49465,GMMA,USD
1682983869875.0,1536,S,1000.0,1.50695,GMMA,USD
1683056144350.0,2763,S,8000.0,1.4731500000000002,GMMA,USD
1683022492725.0,2150,S,5000.0,1.4767249999999998,GMMA,USD
1683016780725.0,2062,S,6000.0,1.4766249999999999,GMMA,USD
1682983867950.0,1535,S,5000.0,1.5065000000000002,GMMA,USD
1683037948625.0,2416,S,4000.0,1.4956749999999999,GMMA,USD
1682962005650.0,1112,S,7000.0,1.496125,GMMA,USD
1682924551675.0,511,S,7000.0,1.5033500000000002,GMMA,USD
1683030082750.0,2276,B,10000.0,1.486975,GMMA,USD
1683025605625.0,2205,S,1000.0,1.485625,GMMA,USD
1682938326350.0,751,B,5000.0,1.5220749999999998,GMMA,USD
1683042757550.0,2513,S,8000.0,1.4985249999999999,GMMA,USD
1682988756750.0,1605,B,6000.0,1.501,GMMA,USD
1682935996675.0,713,S,10000.0,1.522375,GMMA,USD
1683020697875.0,2121,B,7000.0,1.475025,GMMA,USD
1682902151675.0,87,S,5000.0,1.50255,GMMA,USD
1682925042550.0,520,B,6000.0,1.5049,GMMA,USD
1682985820650.0,1563,B,10000.0,1.5049000000000001,GMMA,USD
1682982089350.0,1488,S,10000.0,1.518575,GMMA,USD
1683040393025.0,2463,S,1000.0,1.50485,GMMA,USD
1683032724175.0,2324,S,4000.0,1.486925,GMMA,USD
1682976196050.0,1345,B,4000.0,1.5234999999999999,GMMA,USD
1683022314975.0,2145,B,2000.0,1.4773749999999999,GMMA,USD
1682958329925.0,1047,S,9000.0,1.49535,GMMA,USD
1682971355675.0,1270,S,10000.0,1.4979250000000002,GMMA,USD
1683045124575.0,2570,B,5000.0,1.4977,GMMA,USD
1683011516875.0,1971,B,10000.0,1.4828,GMMA,USD
1682898656750.0,48,B,10000.0,1.494825,GMMA,USD
1683027303525.0,2240,S,3000.0,1.488375,GMMA,USD
1682913249775.0,318,S,5000.0,1.50695,GMMA,USD
1683040393850.0,2465,S,9000.0,1.50505,GMMA,USD
1683045946550.0,2583,B,6000.0,1.4999,GMMA,USD
1682955657475.0,1001,B,5000.0,1.500875,GMMA,USD
1682960547250.0,1077,B,5000.0,1.489975,GMMA,USD
1682947118650.0,880,S,5000.0,1.497075,GMMA,USD
1682966625025.0,1199,S,5000.0,1.49455,GMMA,USD
1682921731475.0,475,S,10000.0,1.495075,GMMA,USD
1682970116525.0,1251,B,4000.0,1.4938,GMMA,USD
1682899728150.0,56,B,8000.0,1.5,GMMA,USD
1683066475325.0,2938,B,9000.0,1.4581499999999998,GMMA,USD
1682915648450.0,364,B,7000.0,1.511975,GMMA,USD
1682943319375.0,810,B,2000.0,1.519425,GMMA,USD
1683023241275.0,2170,B,10000.0,1.4786249999999999,GMMA,USD
1683010123350.0,1957,B,7000.0,1.48545,GMMA,USD
1682983379475.0,1527,S,2000.0,1.5067000000000002,GMMA,USD
1683049225775.0,2637,B,6000.0,1.49105,GMMA,USD
1683063063950.0,2889,S,10000.0,1.456075,GMMA,USD
1682991288875.0,1657,S,8000.0,1.5002499999999999,GMMA,USD
1682946044875.0,863,B,5000.0,1.500975,GMMA,USD
1682903073325.0,117,S,3000.0,1.504475,GMMA,USD
1682958094175.0,1038,S,6000.0,1.494125,GMMA,USD
1682957346775.0,1018,B,4000.0,1.490025,GMMA,USD
1683053137150.0,2701,S,10000.0,1.4913,GMMA,USD
1682917885975.0,400,B,6000.0,1.50875,GMMA,USD
1683024402475.0,2197,B,3000.0,1.4784249999999999,GMMA,USD
1682930906625.0,634,S,3000.0,1.522675,GMMA,USD
1683041974825.0,2489,B,3000.0,1.499875,GMMA,USD
1683008492175.0,1944,B,1000.0,1.4754999999999998,GMMA,USD
1683015915025.0,2042,B,5000.0,1.4765249999999999,GMMA,USD
1682925821850.0,528,B,6000.0,1.505375,GMMA,USD
1682912258650.0,294,S,2000.0,1.506125,GMMA,USD
1683045289175.0,2575,S,5000.0,1.49985,GMMA,USD
1683059329675.0,2828,B,7000.0,1.45305,GMMA,USD
1683000130825.0,1794,S,6000.0,1.50865,GMMA,USD
1682999735675.0,1782,B,6000.0,1.5048,GMMA,USD
1682990214725.0,1637,B,7000.0,1.4963250000000001,GMMA,USD
1682970591150.0,1265,B,1000.0,1.4949999999999999,GMMA,USD
1683020756225.0,2123,S,2000.0,1.477225,GMMA,USD
1683027303375.0,2239,S,3000.0,1.488325,GMMA,USD
1682920410250.0,446,S,8000.0,1.4959749999999998,GMMA,USD
1682896024575.0,0,B,3000.0,1.500575,GMMA,USD
1682928921650.0,583,S,6000.0,1.515575,GMMA,USD
1683023812950.0,2182,B,9000.0,1.477025,GMMA,USD
1683060003125.0,2831,S,9000.0,1.45005,GMMA,USD
1682981439675.0,1469,S,1000.0,1.510375,GMMA,USD
1683068210525.0,2957,B,1000.0,1.4651750000000001,GMMA,USD
1682951912375.0,938,B,5000.0,1.5035749999999999,GMMA,USD
1682997411950.0,1746,S,10000.0,1.514,GMMA,USD
1682958112175.0,1045,S,2000.0,1.4956749999999999,GMMA,USD
1682989345375.0,1622,S,8000.0,1.498375,GMMA,USD
1682975795925.0,1334,B,6000.0,1.5163499999999999,GMMA,USD
1682971076950.0,1269,S,9000.0,1.5009750000000002,GMMA,USD
1683029355050.0,2274,B,9000.0,1.481325,GMMA,USD
1683026929850.0,2232,S,10000.0,1.487825,GMMA,USD
1682912955825.0,313,S,10000.0,1.505625,GMMA,USD
1682930060025.0,606,B,2000.0,1.517375,GMMA,USD
1682920270950.0,437,B,4000.0,1.498375,GMMA,USD
1683034833725.0,2350,B,9000.0,1.483225,GMMA,USD
1682979083625.0,1403,B,8000.0,1.505675,GMMA,USD
1683062080825.0,2875,B,6000.0,1.44825,GMMA,USD
1683065233850.0,2918,S,8000.0,1.454225,GMMA,USD
1683020821375.0,2126,S,3000.0,1.478225,GMMA,USD
1683031465550.0,2292,S,6000.0,1.487825,GMMA,USD
1682901512450.0,78,B,1000.0,1.50315,GMMA,USD
1683057768625.0,2796,B,3000.0,1.454775,GMMA,USD
1682897929275.0,33,B,7000.0,1.498275,GMMA,USD
1683067629050.0,2949,B,7000.0,1.465575,GMMA,USD
1682917885650.0,398,B,3000.0,1.5089,GMMA,USD
1683035573550.0,2372,B,1000.0,1.488925,GMMA,USD
1682902880275.0,104,S,4000.0,1.5029750000000002,GMMA,USD
1682997743950.0,1752,S,6000.0,1.51695,GMMA,USD
1683054243275.0,2729,B,9000.0,1.485525,GMMA,USD
1682982273525.0,1491,S,9000.0,1.5194750000000001,GMMA,USD
1683031409275.0,2291,S,8000.0,1.4909249999999998,GMMA,USD
1683065030750.0,2908,B,1000.0,1.449375,GMMA,USD
1682987710025.0,1589,S,3000.0,1.497625,GMMA,USD
1683032723875.0,2321,S,4000.0,1.4866249999999999,GMMA,USD
1682918456575.0,411,B,3000.0,1.5111,GMMA,USD
1683064557550.0,2900,B,5000.0,1.45505,GMMA,USD
1682936279750.0,722,S,2000.0,1.525325,GMMA,USD
1682901512075.0,75,B,2000.0,1.50335,GMMA,USD
1683035573925.0,2374,B,5000.0,1.488775,GMMA,USD
1683022631250.0,2156,B,3000.0,1.478375,GMMA,USD
1682928916375.0,580,B,10000.0,1.5150249999999998,GMMA,USD
1682962537350.0,1127,B,1000.0,1.49725,GMMA,USD
1682961863175.0,1108,B,4000.0,1.493525,GMMA,USD
1683028418575.0,2263,S,3000.0,1.493525,GMMA,USD
1682937856550.0,738,S,9000.0,1.528025,GMMA,USD
1683019941250.0,2094,B,9000.0,1.471425,GMMA,USD
1682954080550.0,972,B,9000.0,1.4987499999999998,GMMA,USD
1682959914025.0,1060,S,8000.0,1.49455,GMMA,USD
1682921205575.0,464,S,8000.0,1.4938749999999998,GMMA,USD
1683028329550.0,2260,S,10000.0,1.493125,GMMA,USD
1682988799325.0,1611,B,4000.0,1.5006,GMMA,USD
1682994094725.0,1694,S,4000.0,1.5232,GMMA,USD
1683002513725.0,1842,B,7000.0,1.496875,GMMA,USD
1683008650975.0,1948,S,6000.0,1.4786000000000001,GMMA,USD
1682959077350.0,1056,S,10000.0,1.4987,GMMA,USD
1682972302250.0,1279,S,4000.0,1.5042499999999999,GMMA,USD
1682922426375.0,478,B,6000.0,1.4947,GMMA,USD
1682969242775.0,1236,S,6000.0,1.498975,GMMA,USD
1683053228350.0,2711,S,3000.0,1.49135,GMMA,USD
1682927495625.0,556,S,10000.0,1.505625,GMMA,USD
1682917885875.0,399,B,5000.0,1.50885,GMMA,USD
1683060732350.0,2853,S,10000.0,1.4555250000000002,GMMA,USD
1683056144625.0,2764,S,2000.0,1.4732500000000002,GMMA,USD
1682904995550.0,157,S,2000.0,1.5016,GMMA,USD
1683035194725.0,2362,B,1000.0,1.489275,GMMA,USD
1682982669250.0,1503,S,2000.0,1.509125,GMMA,USD
1682898679725.0,49,S,3000.0,1.497025,GMMA,USD
1683041376275.0,2478,B,9000.0,1.4960499999999999,GMMA,USD
1682952420575.0,949,S,2000.0,1.501425,GMMA,USD
1683042195650.0,2497,B,7000.0,1.502175,GMMA,USD
1682961375025.0,1097,S,2000.0,1.496475,GMMA,USD
1682936227325.0,719,B,10000.0,1.524575,GMMA,USD
1682935107975.0,692,S,3000.0,1.524325,GMMA,USD
1682900456050.0,62,S,1000.0,1.497975,GMMA,USD
1682972719050.0,1289,S,10000.0,1.506,GMMA,USD
1682905802750.0,167,B,6000.0,1.502125,GMMA,USD
1682976196950.0,1348,B,2000.0,1.52335,GMMA,USD
1682938043025.0,741,B,5000.0,1.525075,GMMA,USD
1683048318850.0,2628,B,10000.0,1.490875,GMMA,USD
1682962537625.0,1129,B,8000.0,1.49715,GMMA,USD
1682991701550.0,1677,S,4000.0,1.505,GMMA,USD
1682920410425.0,448,S,5000.0,1.4960749999999998,GMMA,USD
1683031642075.0,2300,S,2000.0,1.489175,GMMA,USD
1682914692075.0,349,B,5000.0,1.5081,GMMA,USD
1682996739825.0,1731,B,1000.0,1.5163,GMMA,USD
1682982863975.0,1512,B,10000.0,1.504375,GMMA,USD
1683067295050.0,2948,B,8000.0,1.4634,GMMA,USD
1682980347025.0,1431,S,10000.0,1.50045,GMMA,USD
1683038795250.0,2435,S,2000.0,1.498375,GMMA,USD
1683004101625.0,1879,B,8000.0,1.488,GMMA,USD
1682961411150.0,1098,B,5000.0,1.495725,GMMA,USD
1682897916875.0,32,B,8000.0,1.499225,GMMA,USD
1683042956075.0,2521,S,10000.0,1.496275,GMMA,USD
1682920111125.0,436,B,3000.0,1.503625,GMMA,USD
1682957621575.0,1028,B,10000.0,1.489325,GMMA,USD
1683050071575.0,2660,S,8000.0,1.4935,GMMA,USD
1682902881325.0,110,S,5000.0,1.5033750000000001,GMMA,USD
1683039986025.0,2454,B,1000.0,1.49955,GMMA,USD
1682909900250.0,246,B,9000.0,1.5015,GMMA,USD
1683032969075.0,2330,S,7000.0,1.485125,GMMA,USD
1682981091650.0,1462,B,4000.0,1.509625,GMMA,USD
1682927271325.0,554,B,3000.0,1.503475,GMMA,USD
1682900454950.0,61,S,4000.0,1.497875,GMMA,USD
1683055522175.0,2747,B,9000.0,1.472075,GMMA,USD
1682941434075.0,798,S,1000.0,1.516875,GMMA,USD
1682983339525.0,1526,S,2000.0,1.5074,GMMA,USD
1682919125075.0,418,S,4000.0,1.50485,GMMA,USD
1683030584850.0,2285,B,9000.0,1.486775,GMMA,USD
1683059323450.0,2827,S,3000.0,1.4541,GMMA,USD
1682983671850.0,1531,B,2000.0,1.50525,GMMA,USD
1683000473675.0,1800,S,6000.0,1.50085,GMMA,USD
1683020304150.0,2109,B,3000.0,1.4746249999999999,GMMA,USD
1682930853725.0,627,B,2000.0,1.522275,GMMA,USD
1682962463175.0,1124,B,2000.0,1.4985,GMMA,USD
1682924664475.0,517,S,9000.0,1.5058,GMMA,USD
1682993015625.0,1686,S,4000.0,1.514075,GMMA,USD
1682930852775.0,624,B,4000.0,1.522475,GMMA,USD
1682932022325.0,660,B,9000.0,1.521275,GMMA,USD
1682945680950.0,840,B,3000.0,1.5015749999999999,GMMA,USD
1683026330850.0,2224,B,7000.0,1.4867249999999999,GMMA,USD
1683002278725.0,1840,S,3000.0,1.5007249999999999,GMMA,USD
1682998263525.0,1760,S,10000.0,1.5208249999999999,GMMA,USD
1682978795250.0,1387,S,4000.0,1.5049750000000002,GMMA,USD
1683053150925.0,2703,B,2000.0,1.49045,GMMA,USD
1683055572625.0,2751,S,4000.0,1.474125,GMMA,USD
1682951912550.0,939,B,7000.0,1.503475,GMMA,USD
1682957553125.0,1022,B,3000.0,1.490475,GMMA,USD
1682997489875.0,1747,B,3000.0,1.5126,GMMA,USD
1683033646650.0,2333,S,7000.0,1.482025,GMMA,USD
1682962268825.0,1119,S,3000.0,1.498425,GMMA,USD
1682998576850.0,1763,B,7000.0,1.517075,GMMA,USD
1683006338375.0,1915,S,1000.0,1.4844249999999999,GMMA,USD
1682974588875.0,1310,B,9000.0,1.511625,GMMA,USD
1683018605925.0,2084,S,10000.0,1.484025,GMMA,USD
1683022734475.0,2159,S,7000.0,1.480175,GMMA,USD
1682953824150.0,969,B,5000.0,1.502,GMMA,USD
1682931760125.0,653,S,2000.0,1.520975,GMMA,USD
1682989885225.0,1629,S,4000.0,1.497325,GMMA,USD
1683051051475.0,2676,S,6000.0,1.489075,GMMA,USD
1683014787450.0,2027,B,3000.0,1.473875,GMMA,USD
1683020531625.0,2117,S,6000.0,1.475275,GMMA,USD
1682938651075.0,757,B,9000.0,1.519325,GMMA,USD
1683037214350.0,2407,B,8000.0,1.491975,GMMA,USD
1682914462175.0,345,S,10000.0,1.50405,GMMA,USD
1683000130675.0,1793,S,10000.0,1.5086000000000002,GMMA,USD
1682985832450.0,1564,S,9000.0,1.5063499999999999,GMMA,USD
1683043304250.0,2525,B,1000.0,1.495425,GMMA,USD
1683008070925.0,1936,B,7000.0,1.476575,GMMA,USD
1682967156025.0,1210,S,5000.0,1.4946,GMMA,USD
1683060238375.0,2838,S,3000.0,1.453375,GMMA,USD
1682992437375.0,1684,B,1000.0,1.510475,GMMA,USD
1682979725825.0,1417,B,4000.0,1.4981250000000002,GMMA,USD
1683044103425.0,2543,B,8000.0,1.494425,GMMA,USD
1682991288325.0,1656,S,7000.0,1.5001499999999999,GMMA,USD
1682933362050.0,680,B,5000.0,1.525075,GMMA,USD
1683008745975.0,1949,B,7000.0,1.4743499999999998,GMMA,USD
1682982089425.0,1489,S,10000.0,1.5186250000000001,GMMA,USD
1682969746550.0,1248,B,2000.0,1.4949999999999999,GMMA,USD
1683044158750.0,2545,B,8000.0,1.494425,GMMA,USD
1683041853825.0,2480,B,7000.0,1.4982,GMMA,USD
1682920272550.0,441,B,5000.0,1.498075,GMMA,USD
1682979056050.0,1398,S,10000.0,1.5082250000000001,GMMA,USD
1682945681175.0,842,B,9000.0,1.501375,GMMA,USD
1682902880675.0,106,S,4000.0,1.503125,GMMA,USD
1683046895275.0,2603,S,1000.0,1.498675,GMMA,USD
1683033051175.0,2331,B,2000.0,1.483275,GMMA,USD
1683005188550.0,1893,S,7000.0,1.4812,GMMA,USD
1682908640575.0,220,S,2000.0,1.5128249999999999,GMMA,USD
1682953306275.0,965,B,2000.0,1.5004499999999998,GMMA,USD
1682930166850.0,611,S,7000.0,1.520875,GMMA,USD
1683030479825.0,2279,B,9000.0,1.486075,GMMA,USD
1682946652975.0,875,S,5000.0,1.495725,GMMA,USD
1683061931450.0,2869,B,2000.0,1.4471999999999998,GMMA,USD
1682964613625.0,1164,S,2000.0,1.4935749999999999,GMMA,USD
1682955339750.0,991,B,8000.0,1.49985,GMMA,USD
1682980794925.0,1454,S,3000.0,1.5065000000000002,GMMA,USD
1683040510425.0,2469,S,9000.0,1.5027000000000001,GMMA,USD
1683039803575.0,2452,B,5000.0,1.4986,GMMA,USD
1682965277650.0,1182,S,6000.0,1.4916749999999999,GMMA,USD
1682942556475.0,803,B,4000.0,1.520675,GMMA,USD
1682963311450.0,1141,S,1000.0,1.4932500000000002,GMMA,USD
1683046276675.0,2590,B,5000.0,1.4973,GMMA,USD
1682945200925.0,832,B,3000.0,1.505375,GMMA,USD
1683050406350.0,2665,B,10000.0,1.4920499999999999,GMMA,USD
1682947118850.0,881,S,6000.0,1.497125,GMMA,USD
1682980822925.0,1455,S,6000.0,1.5077,GMMA,USD
1683021969025.0,2135,B,1000.0,1.475225,GMMA,USD
1682907145350.0,191,B,8000.0,1.5104,GMMA,USD
1683014962875.0,2031,B,1000.0,1.471775,GMMA,USD
1682903603650.0,124,S,4000.0,1.5014750000000001,GMMA,USD
1682936915950.0,727,S,3000.0,1.5259749999999999,GMMA,USD
1682920753875.0,452,B,3000.0,1.495325,GMMA,USD
1682996747625.0,1733,S,1000.0,1.51755,GMMA,USD
1682902375275.0,95,B,5000.0,1.5014999999999998,GMMA,USD
1683010176625.0,1959,S,1000.0,1.4878,GMMA,USD
1683022315225.0,2147,B,7000.0,1.477175,GMMA,USD
1683024010675.0,2188,S,5000.0,1.477425,GMMA,USD
1682921318275.0,472,B,1000.0,1.494175,GMMA,USD
1683025200375.0,2203,B,4000.0,1.480675,GMMA,USD
1682920410950.0,451,S,1000.0,1.496325,GMMA,USD
1682930564075.0,621,B,7000.0,1.521325,GMMA,USD
1682911693275.0,274,S,2000.0,1.5071249999999998,GMMA,USD
1683065497950.0,2926,S,2000.0,1.4538250000000001,GMMA,USD
1682991365775.0,1660,B,4000.0,1.49895,GMMA,USD
1682904323325.0,138,S,7000.0,1.5050999999999999,GMMA,USD
1683034900575.0,2352,S,3000.0,1.484025,GMMA,USD
1682969340550.0,1243,S,7000.0,1.496875,GMMA,USD
1683035903225.0,2379,B,7000.0,1.489525,GMMA,USD
1682918597825.0,413,S,9000.0,1.5128,GMMA,USD
1682964869825.0,1172,B,4000.0,1.492125,GMMA,USD
1682986219625.0,1568,B,10000.0,1.5051,GMMA,USD
1682958095225.0,1041,S,8000.0,1.494375,GMMA,USD
1682912896375.0,310,S,4000.0,1.508025,GMMA,USD
1682980576550.0,1442,B,7000.0,1.50175,GMMA,USD
1682948812575.0,898,S,3000.0,1.499525,GMMA,USD
1683038266350.0,2423,B,2000.0,1.495825,GMMA,USD
1682937017475.0,733,S,6000.0,1.527175,GMMA,USD
1683026972725.0,2234,B,7000.0,1.488025,GMMA,USD
1682931625950.0,652,S,10000.0,1.520675,GMMA,USD
1682939251675.0,771,B,5000.0,1.518275,GMMA,USD
1683065323725.0,2921,B,6000.0,1.453175,GMMA,USD
1682906423775.0,182,S,7000.0,1.5102250000000002,GMMA,USD
1682911693825.0,275,S,6000.0,1.5072249999999998,GMMA,USD
1682997403775.0,1742,B,9000.0,1.51285,GMMA,USD
1682951835925.0,934,B,5000.0,1.5046249999999999,GMMA,USD
1683042233150.0,2498,B,7000.0,1.501975,GMMA,USD
1682929515750.0,596,S,8000.0,1.518625,GMMA,USD
1682979726950.0,1421,B,6000.0,1.497775,GMMA,USD
1682972169525.0,1277,B,6000.0,1.500075,GMMA,USD
1682920044650.0,433,B,4000.0,1.505725,GMMA,USD
1682982603075.0,1497,B,1000.0,1.509725,GMMA,USD
1682932666775.0,664,S,6000.0,1.526975,GMMA,USD
1683014787550.0,2028,B,6000.0,1.473825,GMMA,USD
1683022262850.0,2141,S,2000.0,1.478325,GMMA,USD
1682992132675.0,1682,S,6000.0,1.5119250000000002,GMMA,USD
1683011789475.0,1977,B,1000.0,1.483525,GMMA,USD
1683059170350.0,2824,S,9000.0,1.45535,GMMA,USD
1683008811250.0,1952,S,2000.0,1.4756500000000001,GMMA,USD
1682987779625.0,1590,B,4000.0,1.4943250000000001,GMMA,USD
1683000052050.0,1787,B,8000.0,1.5063,GMMA,USD
1683016781150.0,2064,S,7000.0,1.4768249999999998,GMMA,USD
1682945831375.0,850,B,9000.0,1.5009249999999998,GMMA,USD
1682937384475.0,734,S,3000.0,1.524525,GMMA,USD
1683043324675.0,2528,B,2000.0,1.494925,GMMA,USD
1682943527425.0,814,S,4000.0,1.518025,GMMA,USD
1682936139150.0,716,S,6000.0,1.523325,GMMA,USD
1683012227025.0,1986,B,1000.0,1.478875,GMMA,USD
1683057769075.0,2798,B,5000.0,1.454625,GMMA,USD
1682908143375.0,206,B,10000.0,1.51495,GMMA,USD
1682924115425.0,505,S,7000.0,1.5077500000000001,GMMA,USD
1682933157925.0,672,S,3000.0,1.5257749999999999,GMMA,USD
1682914386950.0,342,S,7000.0,1.5041,GMMA,USD
1682990730550.0,1643,S,10000.0,1.4958,GMMA,USD
1682986334475.0,1572,S,9000.0,1.5106,GMMA,USD
1682960856975.0,1089,S,9000.0,1.4926249999999999,GMMA,USD
1683017117975.0,2067,S,10000.0,1.478975,GMMA,USD
1682986285675.0,1570,S,1000.0,1.5083,GMMA,USD
1682975093250.0,1317,B,9000.0,1.5205,GMMA,USD
1682929460750.0,593,B,9000.0,1.5189249999999999,GMMA,USD
1683024011475.0,2192,S,5000.0,1.4776749999999998,GMMA,USD
1682994833625.0,1710,B,1000.0,1.516625,GMMA,USD
1682905084125.0,160,B,3000.0,1.49865,GMMA,USD
1683060484175.0,2843,S,5000.0,1.451775,GMMA,USD
1682982273750.0,1492,S,1000.0,1.519525,GMMA,USD
1683036512950.0,2386,B,3000.0,1.492475,GMMA,USD
1683047628950.0,2609,B,4000.0,1.493375,GMMA,USD
1683002278350.0,1839,S,4000.0,1.500675,GMMA,USD
1682961862750.0,1107,B,4000.0,1.4935749999999999,GMMA,USD
1682981575375.0,1477,S,8000.0,1.512575,GMMA,USD
1682909854325.0,239,B,4000.0,1.5037,GMMA,USD
1682903144125.0,118,B,9000.0,1.500575,GMMA,USD
1682928581550.0,577,S,9000.0,1.512525,GMMA,USD
1683000726450.0,1806,S,3000.0,1.4974500000000002,GMMA,USD
1683008071525.0,1938,B,4000.0,1.4764249999999999,GMMA,USD
1682980644350.0,1444,B,9000.0,1.50295,GMMA,USD
1683050406675.0,2667,B,10000.0,1.4919,GMMA,USD
1683003047825.0,1858,B,7000.0,1.483725,GMMA,USD
1682935800650.0,706,S,5000.0,1.521825,GMMA,USD
1682920044750.0,434,B,4000.0,1.505625,GMMA,USD
1683018800575.0,2088,S,3000.0,1.479275,GMMA,USD
1682907493975.0,200,S,3000.0,1.50865,GMMA,USD
1683053081625.0,2698,B,1000.0,1.4914,GMMA,USD
1683011858750.0,1979,S,5000.0,1.482775,GMMA,USD
1683041853925.0,2481,B,4000.0,1.4981499999999999,GMMA,USD
1682927139350.0,546,B,6000.0,1.503975,GMMA,USD
1682982808875.0,1509,B,2000.0,1.5061250000000002,GMMA,USD
1683044683050.0,2552,S,10000.0,1.4985,GMMA,USD
1683040392750.0,2462,S,8000.0,1.5048000000000001,GMMA,USD
1682995438375.0,1717,B,1000.0,1.513075,GMMA,USD
1683026291125.0,2221,S,6000.0,1.4866249999999999,GMMA,USD
1682980823875.0,1457,S,8000.0,1.5078500000000001,GMMA,USD
1682986523675.0,1576,S,6000.0,1.5081,GMMA,USD
1683050825875.0,2673,S,3000.0,1.4861749999999998,GMMA,USD
1682969340475.0,1242,S,10000.0,1.4968249999999999,GMMA,USD
1683057599950.0,2789,S,7000.0,1.460425,GMMA,USD
1682994636375.0,1704,S,8000.0,1.5195500000000002,GMMA,USD
1683048831175.0,2631,B,4000.0,1.492475,GMMA,USD
1682943530775.0,816,B,6000.0,1.517575,GMMA,USD
1682943688950.0,821,B,4000.0,1.514975,GMMA,USD
1682906076775.0,172,S,1000.0,1.5095750000000001,GMMA,USD
1682962537575.0,1128,B,2000.0,1.4971999999999999,GMMA,USD
1682990731225.0,1646,S,9000.0,1.4961,GMMA,USD
1682977506825.0,1359,B,7000.0,1.5119500000000001,GMMA,USD
1683033635925.0,2332,B,2000.0,1.481425,GMMA,USD
1683013395825.0,2002,S,9000.0,1.481075,GMMA,USD
1682907691050.0,201,S,4000.0,1.5097,GMMA,USD
1683023850325.0,2183,S,5000.0,1.4775749999999999,GMMA,USD
1682988426950.0,1598,S,1000.0,1.5003,GMMA,USD
1682951019050.0,924,B,9000.0,1.500475,GMMA,USD
1682997098050.0,1736,B,9000.0,1.51145,GMMA,USD
1682991570150.0,1673,S,9000.0,1.5018,GMMA,USD
1683042002975.0,2491,S,6000.0,1.5007249999999999,GMMA,USD
1682937490675.0,736,B,2000.0,1.523675,GMMA,USD
1683010176050.0,1958,S,3000.0,1.4877500000000001,GMMA,USD
1683013914575.0,2009,B,5000.0,1.477275,GMMA,USD
1682927047875.0,545,B,10000.0,1.5025249999999999,GMMA,USD
1683023850850.0,2185,S,5000.0,1.477725,GMMA,USD
1682979083425.0,1402,B,8000.0,1.505775,GMMA,USD
1683053206875.0,2707,S,10000.0,1.49135,GMMA,USD
1682946653125.0,876,S,5000.0,1.495825,GMMA,USD
1682930167125.0,613,S,6000.0,1.5210249999999998,GMMA,USD
1682931969550.0,658,B,9000.0,1.521375,GMMA,USD
1683028438175.0,2266,S,2000.0,1.494075,GMMA,USD
1683065162450.0,2916,B,8000.0,1.4519250000000001,GMMA,USD
1682901512225.0,77,B,2000.0,1.5031999999999999,GMMA,USD
1682953168625.0,961,B,10000.0,1.5026499999999998,GMMA,USD
1682979196775.0,1407,B,9000.0,1.506275,GMMA,USD
1683060228925.0,2834,B,2000.0,1.451575,GMMA,USD
1682979384875.0,1408,S,6000.0,1.5080250000000002,GMMA,USD
1682922426475.0,479,B,7000.0,1.4946,GMMA,USD
1682936891475.0,724,S,5000.0,1.5241749999999998,GMMA,USD
1682984988575.0,1549,B,7000.0,1.494575,GMMA,USD
1682903504950.0,123,B,1000.0,1.500575,GMMA,USD
1683027476050.0,2251,B,1000.0,1.487125,GMMA,USD
1683021145550.0,2131,S,1000.0,1.479725,GMMA,USD
1683026972875.0,2235,B,7000.0,1.487925,GMMA,USD
1683007737125.0,1929,S,2000.0,1.4815749999999999,GMMA,USD
1682939553750.0,778,B,7000.0,1.516625,GMMA,USD
1682992132375.0,1681,S,5000.0,1.511875,GMMA,USD
1683005076950.0,1889,B,4000.0,1.48145,GMMA,USD
1682912652925.0,303,B,4000.0,1.504575,GMMA,USD
1682954442475.0,978,S,2000.0,1.5017500000000001,GMMA,USD
1682919551625.0,420,S,2000.0,1.508575,GMMA,USD
1683044704075.0,2556,S,8000.0,1.49895,GMMA,USD
1682999522075.0,1779,B,2000.0,1.509825,GMMA,USD
1682963456650.0,1145,B,6000.0,1.4894999999999998,GMMA,USD
1682917649875.0,391,B,9000.0,1.51105,GMMA,USD
1682898279850.0,37,S,3000.0,1.499775,GMMA,USD
1682940968975.0,791,S,4000.0,1.515325,GMMA,USD
1683027046625.0,2236,B,4000.0,1.485725,GMMA,USD
1682896917075.0,15,S,7000.0,1.5035,GMMA,USD
1683065233350.0,2917,S,8000.0,1.4541250000000001,GMMA,USD
1682925665750.0,527,S,7000.0,1.504375,GMMA,USD
1683068345125.0,2959,S,1000.0,1.468325,GMMA,USD
1682917701650.0,394,B,9000.0,1.51125,GMMA,USD
1682983108550.0,1520,S,6000.0,1.5057500000000001,GMMA,USD
1682950077650.0,916,S,8000.0,1.498675,GMMA,USD
1683003606725.0,1872,B,9000.0,1.4856,GMMA,USD
1682962971475.0,1136,B,9000.0,1.4947499999999998,GMMA,USD
1682956490550.0,1011,B,3000.0,1.501625,GMMA,USD
1683041928825.0,2483,S,9000.0,1.49875,GMMA,USD
1683037327875.0,2411,S,4000.0,1.493175,GMMA,USD
1683001603450.0,1831,S,9000.0,1.5071249999999998,GMMA,USD
1683013628625.0,2006,B,2000.0,1.4784249999999999,GMMA,USD
1682919125125.0,419,S,5000.0,1.5049,GMMA,USD
1683003587475.0,1871,B,9000.0,1.486725,GMMA,USD
1683024011275.0,2191,S,10000.0,1.477625,GMMA,USD
1683013077675.0,1994,S,7000.0,1.480325,GMMA,USD
1683043593475.0,2533,B,3000.0,1.493025,GMMA,USD
1682924128625.0,507,B,7000.0,1.5066,GMMA,USD
1682990060950.0,1632,B,8000.0,1.494875,GMMA,USD
1683056868325.0,2778,S,1000.0,1.47185,GMMA,USD
1682928921525.0,582,S,7000.0,1.515525,GMMA,USD
1683020531325.0,2115,S,7000.0,1.475125,GMMA,USD
1682999293725.0,1773,S,1000.0,1.514425,GMMA,USD
1683044704375.0,2558,S,4000.0,1.49915,GMMA,USD
1682910179725.0,257,B,3000.0,1.50455,GMMA,USD
1682997951250.0,1757,B,9000.0,1.518025,GMMA,USD
1682930852925.0,626,B,7000.0,1.522325,GMMA,USD
1682933158425.0,675,S,10000.0,1.526025,GMMA,USD
1683038112650.0,2418,S,10000.0,1.4959749999999998,GMMA,USD
1682964259675.0,1159,S,1000.0,1.49085,GMMA,USD
1682908345650.0,209,S,1000.0,1.512225,GMMA,USD
1682922821875.0,484,S,10000.0,1.5018500000000001,GMMA,USD
1682975795450.0,1332,B,6000.0,1.5165,GMMA,USD
1682918682550.0,415,S,8000.0,1.51355,GMMA,USD
1682978795850.0,1390,S,1000.0,1.5051750000000002,GMMA,USD
1682935803625.0,709,B,10000.0,1.521075,GMMA,USD
1682927151775.0,550,S,9000.0,1.504075,GMMA,USD
1683065962775.0,2929,S,8000.0,1.4588750000000001,GMMA,USD
1683042180075.0,2493,S,1000.0,1.501825,GMMA,USD
1683010952025.0,1968,S,7000.0,1.4860000000000002,GMMA,USD
1682994929850.0,1713,S,5000.0,1.5172249999999998,GMMA,USD
1682962337075.0,1123,S,6000.0,1.4997749999999999,GMMA,USD
1682914462225.0,346,S,9000.0,1.50415,GMMA,USD
1683007737875.0,1933,S,9000.0,1.481925,GMMA,USD
1683062939025.0,2886,S,5000.0,1.4515250000000002,GMMA,USD
1683012616850.0,1991,S,5000.0,1.479975,GMMA,USD
1683056143775.0,2760,S,6000.0,1.47295,GMMA,USD
1683047598950.0,2608,S,2000.0,1.4946249999999999,GMMA,USD
1683016780375.0,2061,S,6000.0,1.4765249999999999,GMMA,USD
1683044704275.0,2557,S,5000.0,1.49905,GMMA,USD
1683055795475.0,2756,B,4000.0,1.47565,GMMA,USD
1682915024250.0,356,S,7000.0,1.50895,GMMA,USD
1682907692625.0,202,S,4000.0,1.5102,GMMA,USD
1682976196175.0,1346,B,3000.0,1.52345,GMMA,USD
1683044163850.0,2546,S,10000.0,1.495275,GMMA,USD
1683049495075.0,2644,B,3000.0,1.48905,GMMA,USD
1682997224350.0,1739,S,5000.0,1.5141499999999999,GMMA,USD
1682898280075.0,38,S,9000.0,1.499875,GMMA,USD
1682960107075.0,1069,B,9000.0,1.49215,GMMA,USD
1682980747875.0,1449,S,8000.0,1.5061,GMMA,USD
1683035882925.0,2378,B,8000.0,1.490275,GMMA,USD
1682962202050.0,1117,B,5000.0,1.496875,GMMA,USD
1682923622975.0,490,S,2000.0,1.5030000000000001,GMMA,USD
1682924163050.0,509,B,4000.0,1.5057999999999998,GMMA,USD
1683011608475.0,1973,B,2000.0,1.483225,GMMA,USD
1682965540475.0,1188,S,3000.0,1.493275,GMMA,USD
1683036625175.0,2395,S,10000.0,1.493275,GMMA,USD
1682905802875.0,168,B,10000.0,1.502025,GMMA,USD
1682921737875.0,476,S,9000.0,1.495725,GMMA,USD
1682983108075.0,1519,S,8000.0,1.5057,GMMA,USD
1682926657425.0,539,S,7000.0,1.503125,GMMA,USD
1683025121750.0,2201,S,4000.0,1.4816749999999999,GMMA,USD
1683060619350.0,2851,S,8000.0,1.455475,GMMA,USD
1682914002275.0,338,S,5000.0,1.5029000000000001,GMMA,USD
1682917701775.0,395,B,6000.0,1.5112,GMMA,USD
1683056384725.0,2766,S,1000.0,1.47475,GMMA,USD
1683038834050.0,2439,B,7000.0,1.498325,GMMA,USD
1682896917150.0,16,S,4000.0,1.5036,GMMA,USD
1683020530975.0,2113,S,9000.0,1.474925,GMMA,USD
1682917770650.0,397,B,9000.0,1.51165,GMMA,USD
1682908738425.0,221,B,2000.0,1.513025,GMMA,USD
1683032968975.0,2329,S,5000.0,1.485025,GMMA,USD
1682938657225.0,761,S,3000.0,1.5199749999999999,GMMA,USD
1682983672075.0,1533,B,1000.0,1.5050999999999999,GMMA,USD
1682912715750.0,305,B,9000.0,1.504475,GMMA,USD
1683034983850.0,2358,S,7000.0,1.4864249999999999,GMMA,USD
1682986219475.0,1566,B,1000.0,1.5052,GMMA,USD
1682917650125.0,392,B,1000.0,1.51095,GMMA,USD
1682949067325.0,905,S,3000.0,1.4938749999999998,GMMA,USD
1682968255825.0,1224,S,2000.0,1.492425,GMMA,USD
1683050266850.0,2663,B,3000.0,1.4915999999999998,GMMA,USD
1683000273150.0,1797,B,1000.0,1.5064499999999998,GMMA,USD
1683044714575.0,2563,S,1000.0,1.50025,GMMA,USD
1682977420125.0,1355,S,1000.0,1.513625,GMMA,USD
1682978794450.0,1384,S,3000.0,1.504725,GMMA,USD
1683036624725.0,2394,S,3000.0,1.493225,GMMA,USD
1682981730025.0,1483,S,4000.0,1.516175,GMMA,USD
1683040514850.0,2470,S,7000.0,1.5031,GMMA,USD
1683060507425.0,2849,S,7000.0,1.4533250000000002,GMMA,USD
1682985820550.0,1562,B,8000.0,1.50495,GMMA,USD
1683042688275.0,2510,S,8000.0,1.499275,GMMA,USD
1683002514075.0,1845,B,9000.0,1.4966249999999999,GMMA,USD
1682909900350.0,247,B,9000.0,1.5014,GMMA,USD
1683055326350.0,2739,S,7000.0,1.4750249999999998,GMMA,USD
1683002902225.0,1850,B,4000.0,1.489625,GMMA,USD
1683038849250.0,2440,S,10000.0,1.499275,GMMA,USD
1683045547150.0,2580,B,8000.0,1.4973,GMMA,USD
1683017883225.0,2077,B,1000.0,1.477725,GMMA,USD
1682959017275.0,1055,S,4000.0,1.4971,GMMA,USD
1682907311875.0,194,B,6000.0,1.5066499999999998,GMMA,USD
1682948811550.0,896,S,7000.0,1.499375,GMMA,USD
1682916837550.0,377,B,2000.0,1.511725,GMMA,USD
1682943688475.0,820,B,8000.0,1.5150249999999998,GMMA,USD
1682911999475.0,282,S,10000.0,1.506425,GMMA,USD
1683027046775.0,2237,B,4000.0,1.485625,GMMA,USD
1682904194175.0,136,B,6000.0,1.5034,GMMA,USD
1682938882650.0,764,B,4000.0,1.518775,GMMA,USD
1682920338325.0,443,B,2000.0,1.4975749999999999,GMMA,USD
1683038849675.0,2442,S,10000.0,1.499425,GMMA,USD
1682983227025.0,1524,S,6000.0,1.50915,GMMA,USD
1682994930050.0,1714,S,5000.0,1.5173249999999998,GMMA,USD
1683036647025.0,2396,B,2000.0,1.492575,GMMA,USD
1682988602525.0,1601,B,7000.0,1.5025,GMMA,USD
1682896184825.0,4,S,7000.0,1.504625,GMMA,USD
1682980747725.0,1448,S,3000.0,1.506,GMMA,USD
1682974634925.0,1312,S,8000.0,1.513875,GMMA,USD
1683058091675.0,2808,S,2000.0,1.4541250000000001,GMMA,USD
1682960086075.0,1061,B,2000.0,1.4925,GMMA,USD
1682936915450.0,725,S,1000.0,1.525825,GMMA,USD
1683008650775.0,1947,S,1000.0,1.4785000000000001,GMMA,USD
1682902286150.0,88,S,5000.0,1.5018,GMMA,USD
1682930930425.0,636,S,10000.0,1.522025,GMMA,USD
1683031877225.0,2302,B,9000.0,1.485925,GMMA,USD
1682938250675.0,750,S,5000.0,1.523925,GMMA,USD
1683005330275.0,1897,B,7000.0,1.47675,GMMA,USD
1682978807650.0,1391,B,3000.0,1.502475,GMMA,USD
1682936279175.0,721,S,2000.0,1.5252249999999998,GMMA,USD
1682975372575.0,1322,B,6000.0,1.515,GMMA,USD
1682938061075.0,744,B,10000.0,1.524425,GMMA,USD
1683064557425.0,2899,B,5000.0,1.45515,GMMA,USD
1682947063550.0,879,S,3000.0,1.495175,GMMA,USD
1683016310350.0,2048,B,4000.0,1.476575,GMMA,USD
1682938342825.0,754,B,6000.0,1.521825,GMMA,USD
1683043304550.0,2527,B,8000.0,1.495325,GMMA,USD
1682937017225.0,732,S,6000.0,1.527075,GMMA,USD
1682913299550.0,324,S,10000.0,1.50615,GMMA,USD
1682928015175.0,569,B,4000.0,1.506325,GMMA,USD
1682930853825.0,628,B,4000.0,1.522175,GMMA,USD
1683055410550.0,2741,S,8000.0,1.4738749999999998,GMMA,USD
1682957477550.0,1020,S,6000.0,1.492425,GMMA,USD
1682979725675.0,1415,B,4000.0,1.498275,GMMA,USD
1682963618375.0,1147,S,1000.0,1.49,GMMA,USD
1683003271625.0,1859,S,7000.0,1.484975,GMMA,USD
1683057769425.0,2800,B,7000.0,1.454475,GMMA,USD
1683050266975.0,2664,B,10000.0,1.4914999999999998,GMMA,USD
1682950074625.0,914,B,10000.0,1.4977749999999999,GMMA,USD
1683051051575.0,2677,S,5000.0,1.4891249999999998,GMMA,USD
1682902150325.0,84,S,3000.0,1.50235,GMMA,USD
1682930629750.0,623,S,6000.0,1.522525,GMMA,USD
1682924162975.0,508,B,9000.0,1.50585,GMMA,USD
1683039823275.0,2453,B,9000.0,1.4986,GMMA,USD
1682937016750.0,730,S,6000.0,1.526875,GMMA,USD
1682952210850.0,947,B,9000.0,1.501825,GMMA,USD
1683029123350.0,2272,B,10000.0,1.486075,GMMA,USD
1682910710450.0,268,B,6000.0,1.5082,GMMA,USD
1682981621350.0,1479,B,7000.0,1.511225,GMMA,USD
1682926614575.0,538,S,6000.0,1.502975,GMMA,USD
1683016325775.0,2049,B,6000.0,1.475975,GMMA,USD
1683049551225.0,2646,S,3000.0,1.49,GMMA,USD
1682991654275.0,1676,S,6000.0,1.50235,GMMA,USD
1683025200250.0,2202,B,5000.0,1.4807249999999998,GMMA,USD
1682932843175.0,666,S,9000.0,1.527325,GMMA,USD
1683032722675.0,2315,S,1000.0,1.486175,GMMA,USD
1683020531475.0,2116,S,10000.0,1.475175,GMMA,USD
1682975860325.0,1337,B,5000.0,1.5181,GMMA,USD
1683035362475.0,2364,S,5000.0,1.4904249999999999,GMMA,USD
1683048106550.0,2622,S,3000.0,1.492375,GMMA,USD
1683027769550.0,2253,S,1000.0,1.490025,GMMA,USD
1682913588175.0,328,B,1000.0,1.50905,GMMA,USD
1683057321475.0,2785,S,8000.0,1.464425,GMMA,USD
1682957346875.0,1019,B,2000.0,1.489925,GMMA,USD
1682953306775.0,967,B,7000.0,1.5003499999999999,GMMA,USD
1683016780925.0,2063,S,2000.0,1.4767249999999998,GMMA,USD
1682915311250.0,359,B,2000.0,1.5075749999999999,GMMA,USD
1683065120375.0,2915,B,1000.0,1.451125,GMMA,USD
1683056641850.0,2773,B,9000.0,1.4762,GMMA,USD
1682964429725.0,1162,B,4000.0,1.491675,GMMA,USD
1683036583175.0,2392,B,3000.0,1.493175,GMMA,USD
1683020820925.0,2125,S,8000.0,1.478175,GMMA,USD
1683003377575.0,1864,S,7000.0,1.486775,GMMA,USD
1683010495375.0,1962,S,3000.0,1.48455,GMMA,USD
1682920410375.0,447,S,7000.0,1.496025,GMMA,USD
1682972718775.0,1288,S,6000.0,1.5059,GMMA,USD
1683041939825.0,2485,S,2000.0,1.499325,GMMA,USD
1682941231375.0,795,B,1000.0,1.513825,GMMA,USD
1682945680625.0,839,B,7000.0,1.5016749999999999,GMMA,USD
1682975233925.0,1319,B,6000.0,1.5193999999999999,GMMA,USD
1683049070675.0,2634,B,8000.0,1.4889,GMMA,USD
1683050406525.0,2666,B,6000.0,1.492,GMMA,USD
1682968123275.0,1220,S,6000.0,1.492375,GMMA,USD
1683056063475.0,2758,B,3000.0,1.4710999999999999,GMMA,USD
1682963118475.0,1140,B,1000.0,1.4905499999999998,GMMA,USD
1683032632525.0,2314,B,7000.0,1.486075,GMMA,USD
1682940934850.0,790,B,6000.0,1.514425,GMMA,USD
1682962794850.0,1132,S,5000.0,1.4946000000000002,GMMA,USD
1683028418750.0,2264,S,2000.0,1.493625,GMMA,USD
1682908374275.0,214,S,10000.0,1.510975,GMMA,USD
1682962536850.0,1126,B,5000.0,1.49735,GMMA,USD
1682912174175.0,291,B,9000.0,1.506225,GMMA,USD
1683043913725.0,2539,S,10000.0,1.494475,GMMA,USD
1683051402425.0,2683,S,9000.0,1.490375,GMMA,USD
1682939553225.0,776,B,8000.0,1.516775,GMMA,USD
1683048088325.0,2620,B,5000.0,1.491025,GMMA,USD
1682986624575.0,1577,B,10000.0,1.507725,GMMA,USD
1682940934250.0,788,B,9000.0,1.514525,GMMA,USD
1682898496350.0,43,S,7000.0,1.496575,GMMA,USD
1683066217575.0,2933,S,2000.0,1.4613500000000001,GMMA,USD
1683020206750.0,2104,B,5000.0,1.475275,GMMA,USD
1683051141725.0,2678,S,6000.0,1.4892249999999998,GMMA,USD
1682967536425.0,1213,B,8000.0,1.49235,GMMA,USD
1682975888875.0,1338,S,9000.0,1.52075,GMMA,USD
1682931278050.0,647,B,2000.0,1.519175,GMMA,USD
1682930890975.0,629,B,4000.0,1.521925,GMMA,USD
1682988771825.0,1608,S,4000.0,1.50205,GMMA,USD
1682907215825.0,193,S,2000.0,1.5113,GMMA,USD
1682999464875.0,1778,B,8000.0,1.5106249999999999,GMMA,USD
1682906744225.0,186,S,2000.0,1.5122250000000002,GMMA,USD
1683024228125.0,2195,S,1000.0,1.4774749999999999,GMMA,USD
1682924017625.0,501,B,5000.0,1.5065499999999998,GMMA,USD
1682915866950.0,370,S,3000.0,1.509425,GMMA,USD
1682935401875.0,701,S,1000.0,1.528375,GMMA,USD
1682918455975.0,408,B,2000.0,1.51135,GMMA,USD
1682989345050.0,1621,S,1000.0,1.498275,GMMA,USD
1682902660825.0,100,S,3000.0,1.497575,GMMA,USD
1683035903375.0,2380,B,5000.0,1.4894749999999999,GMMA,USD
1682901217075.0,71,S,8000.0,1.5039250000000002,GMMA,USD
1682946019725.0,860,S,9000.0,1.501525,GMMA,USD
1683038962450.0,2444,B,7000.0,1.4989,GMMA,USD
1682980216825.0,1428,S,3000.0,1.5017500000000001,GMMA,USD
1682926850125.0,540,S,10000.0,1.5026249999999999,GMMA,USD
1683027423225.0,2246,B,3000.0,1.4875749999999999,GMMA,USD
1682972886950.0,1290,S,10000.0,1.5077,GMMA,USD
1682993215525.0,1689,S,7000.0,1.5152,GMMA,USD
1682978123475.0,1370,B,2000.0,1.50455,GMMA,USD
1683026658650.0,2231,B,6000.0,1.487825,GMMA,USD
1683013179450.0,1997,B,10000.0,1.477425,GMMA,USD
1682991400325.0,1667,S,10000.0,1.4993,GMMA,USD
1682955511950.0,998,B,7000.0,1.5022499999999999,GMMA,USD
1683040340150.0,2457,S,2000.0,1.5032,GMMA,USD
1683006349725.0,1918,S,3000.0,1.485075,GMMA,USD
1683034983150.0,2354,S,3000.0,1.486075,GMMA,USD
1683000107125.0,1791,S,10000.0,1.50865,GMMA,USD
1682970471275.0,1258,S,8000.0,1.4914,GMMA,USD
1683065419975.0,2923,B,7000.0,1.451575,GMMA,USD
1683006768350.0,1922,B,10000.0,1.481025,GMMA,USD
1682966458825.0,1198,S,6000.0,1.49515,GMMA,USD
1683051030625.0,2674,S,5000.0,1.4880749999999998,GMMA,USD
1683050494925.0,2671,S,1000.0,1.4917500000000001,GMMA,USD
1682901725075.0,81,S,2000.0,1.5035500000000002,GMMA,USD
1683015474250.0,2036,S,4000.0,1.476025,GMMA,USD
1683050266775.0,2662,B,4000.0,1.4916999999999998,GMMA,USD
1683035096450.0,2359,S,1000.0,1.489975,GMMA,USD
1682912514450.0,299,S,7000.0,1.506975,GMMA,USD
1683000631150.0,1801,B,2000.0,1.4983499999999998,GMMA,USD
1683009374175.0,1953,S,7000.0,1.4875500000000001,GMMA,USD
1683006210675.0,1905,B,3000.0,1.485075,GMMA,USD
1682991233775.0,1655,B,7000.0,1.4966,GMMA,USD
1682991607825.0,1675,B,6000.0,1.50135,GMMA,USD
1683001418575.0,1825,S,8000.0,1.502,GMMA,USD
1683037948525.0,2415,S,8000.0,1.495625,GMMA,USD
1683028684275.0,2268,S,4000.0,1.494425,GMMA,USD
1682915618875.0,360,S,4000.0,1.512125,GMMA,USD
1682967831975.0,1219,S,4000.0,1.495525,GMMA,USD
1682978795650.0,1389,S,2000.0,1.505125,GMMA,USD
1682945831950.0,856,B,1000.0,1.5005249999999999,GMMA,USD
1682988757025.0,1607,B,3000.0,1.50085,GMMA,USD
1683056945650.0,2781,B,9000.0,1.4676,GMMA,USD
1682898537875.0,44,S,8000.0,1.4961250000000001,GMMA,USD
1682928456350.0,574,S,2000.0,1.508775,GMMA,USD
1682899657775.0,52,S,9000.0,1.501,GMMA,USD
1682948429775.0,890,B,4000.0,1.498875,GMMA,USD
1683060367250.0,2839,B,3000.0,1.4500250000000001,GMMA,USD
1682973797525.0,1300,S,4000.0,1.5172750000000002,GMMA,USD
1682978794925.0,1386,S,4000.0,1.504925,GMMA,USD
1683036115150.0,2383,B,10000.0,1.491625,GMMA,USD
1682986522975.0,1573,S,1000.0,1.50785,GMMA,USD
1683046276125.0,2589,B,5000.0,1.4974,GMMA,USD
1682919765875.0,429,S,6000.0,1.508325,GMMA,USD
1683001041425.0,1817,S,3000.0,1.50105,GMMA,USD
1683053207325.0,2709,S,1000.0,1.4915,GMMA,USD
1682904550650.0,150,B,9000.0,1.5013,GMMA,USD
1682910681825.0,267,S,4000.0,1.50895,GMMA,USD
1682987365125.0,1585,B,1000.0,1.500175,GMMA,USD
1683006786325.0,1927,S,8000.0,1.4836749999999999,GMMA,USD
1682978794775.0,1385,S,3000.0,1.504825,GMMA,USD
1682897706775.0,31,B,5000.0,1.49905,GMMA,USD
1682951239750.0,926,B,4000.0,1.504525,GMMA,USD
1683040340875.0,2459,S,3000.0,1.5033,GMMA,USD
1682979385050.0,1409,S,10000.0,1.5081250000000002,GMMA,USD
1683055401850.0,2740,S,7000.0,1.473225,GMMA,USD
1683001234825.0,1819,S,2000.0,1.502,GMMA,USD
1682926499925.0,535,B,10000.0,1.501625,GMMA,USD
1682983870025.0,1537,S,10000.0,1.5070000000000001,GMMA,USD
1683041974625.0,2487,B,5000.0,1.500025,GMMA,USD
1683035882850.0,2377,B,6000.0,1.490325,GMMA,USD
1683057599825.0,2788,S,9000.0,1.460325,GMMA,USD
1682975234125.0,1320,B,3000.0,1.51935,GMMA,USD
1682978377675.0,1373,B,6000.0,1.50245,GMMA,USD
1683010823450.0,1966,B,1000.0,1.4841,GMMA,USD
1683065497325.0,2925,S,3000.0,1.4537250000000002,GMMA,USD
1682978707475.0,1382,S,8000.0,1.505975,GMMA,USD
1683050406850.0,2669,B,10000.0,1.4918,GMMA,USD
1682904650225.0,152,B,6000.0,1.50335,GMMA,USD
1683053472725.0,2716,B,5000.0,1.4868000000000001,GMMA,USD
1682981398475.0,1466,B,1000.0,1.507325,GMMA,USD
1682907009325.0,188,B,1000.0,1.5111999999999999,GMMA,USD
1682900719750.0,65,S,9000.0,1.500675,GMMA,USD
1682939535550.0,774,B,3000.0,1.516575,GMMA,USD
1683020304325.0,2110,B,1000.0,1.4745249999999999,GMMA,USD
1682909854875.0,242,B,1000.0,1.50345,GMMA,USD
1682940933875.0,786,B,3000.0,1.5147249999999999,GMMA,USD
1682909967425.0,250,S,6000.0,1.503,GMMA,USD
1683045424575.0,2579,B,3000.0,1.5001,GMMA,USD
1682963067325.0,1138,B,5000.0,1.4927499999999998,GMMA,USD
1682988952250.0,1614,B,2000.0,1.49745,GMMA,USD
1683013520225.0,2003,S,1000.0,1.480775,GMMA,USD
1682945473325.0,838,B,9000.0,1.503325,GMMA,USD
1683044164075.0,2547,S,7000.0,1.495325,GMMA,USD
1682954441275.0,974,S,5000.0,1.5015,GMMA,USD
1682991506975.0,1670,B,1000.0,1.4995,GMMA,USD
1683040807875.0,2474,S,1000.0,1.5015,GMMA,USD
1683024150925.0,2193,S,4000.0,1.4788249999999998,GMMA,USD
1683045424225.0,2578,B,3000.0,1.5002,GMMA,USD
1682912904725.0,312,B,1000.0,1.5066249999999999,GMMA,USD
1683035531725.0,2369,S,1000.0,1.489725,GMMA,USD
1683042688525.0,2512,S,9000.0,1.499375,GMMA,USD
1683022631150.0,2155,B,1000.0,1.4784249999999999,GMMA,USD
1682979055375.0,1395,S,8000.0,1.5080250000000002,GMMA,USD
1683037328250.0,2412,S,1000.0,1.493275,GMMA,USD
1682934225450.0,683,B,10000.0,1.523275,GMMA,USD
1682898371675.0,40,B,8000.0,1.497075,GMMA,USD
1682930414175.0,619,S,5000.0,1.518375,GMMA,USD
1683056406050.0,2770,S,7000.0,1.47435,GMMA,USD
1682965071375.0,1180,S,1000.0,1.4940749999999998,GMMA,USD
1683059001575.0,2821,B,5000.0,1.456,GMMA,USD
1682954441325.0,975,S,6000.0,1.5015500000000002,GMMA,USD
1683053228250.0,2710,S,10000.0,1.49125,GMMA,USD
1682909476125.0,229,S,3000.0,1.5068249999999999,GMMA,USD
1682921261650.0,468,S,8000.0,1.4965249999999999,GMMA,USD
1682950940875.0,923,S,4000.0,1.499025,GMMA,USD
1683022639925.0,2157,S,9000.0,1.479525,GMMA,USD
1683042233275.0,2499,B,5000.0,1.501875,GMMA,USD
1682920893475.0,459,S,1000.0,1.497825,GMMA,USD
1682965548375.0,1191,S,5000.0,1.493925,GMMA,USD
1682939535025.0,772,B,10000.0,1.5167249999999999,GMMA,USD
1682960106875.0,1068,B,10000.0,1.49225,GMMA,USD
1682932666825.0,665,S,5000.0,1.527075,GMMA,USD
1683039351950.0,2447,S,2000.0,1.4989000000000001,GMMA,USD
1683053150025.0,2702,B,8000.0,1.49055,GMMA,USD
1682909674875.0,231,S,2000.0,1.505625,GMMA,USD
1683048055250.0,2618,B,7000.0,1.492475,GMMA,USD
1683035823650.0,2376,B,3000.0,1.490275,GMMA,USD
1682957847850.0,1035,B,5000.0,1.488175,GMMA,USD
1683059170175.0,2822,S,7000.0,1.45525,GMMA,USD
1682909899950.0,245,B,8000.0,1.50155,GMMA,USD
1682957620750.0,1023,B,8000.0,1.4896749999999999,GMMA,USD
1682907400625.0,195,B,8000.0,1.5085,GMMA,USD
1682990685575.0,1641,B,7000.0,1.4961,GMMA,USD
1682962197275.0,1114,S,3000.0,1.498125,GMMA,USD
1683031465650.0,2293,S,3000.0,1.4878749999999998,GMMA,USD
1682982864125.0,1513,B,2000.0,1.5043250000000001,GMMA,USD
1683020303875.0,2106,B,7000.0,1.474875,GMMA,USD
1683020697775.0,2120,B,6000.0,1.475075,GMMA,USD
1682960838575.0,1083,S,4000.0,1.4911249999999998,GMMA,USD
1682904489175.0,144,B,2000.0,1.5038500000000001,GMMA,USD
1682962268950.0,1120,S,6000.0,1.4985249999999999,GMMA,USD
1682969340775.0,1244,S,10000.0,1.4969249999999998,GMMA,USD
1682971469575.0,1272,S,6000.0,1.4963250000000001,GMMA,USD
1683031610525.0,2298,S,10000.0,1.487825,GMMA,USD
1682978270750.0,1372,S,6000.0,1.5061,GMMA,USD
1683048300925.0,2627,B,2000.0,1.489625,GMMA,USD
1683060229175.0,2835,B,10000.0,1.451525,GMMA,USD
1682927667575.0,561,B,10000.0,1.506775,GMMA,USD
1682928262550.0,571,B,7000.0,1.506575,GMMA,USD
1683045288950.0,2574,S,7000.0,1.4998,GMMA,USD
1682980779425.0,1450,S,9000.0,1.5059,GMMA,USD
1682933361750.0,679,B,5000.0,1.5251249999999998,GMMA,USD
1682941331250.0,797,S,6000.0,1.515575,GMMA,USD
1683057909550.0,2804,B,1000.0,1.454475,GMMA,USD
1682977121925.0,1354,S,6000.0,1.514675,GMMA,USD
1682920271275.0,438,B,8000.0,1.498325,GMMA,USD
1683041974750.0,2488,B,6000.0,1.499925,GMMA,USD
1682982638325.0,1501,B,6000.0,1.507025,GMMA,USD
1683007737250.0,1930,S,3000.0,1.4816749999999999,GMMA,USD
1682919723250.0,428,B,10000.0,1.508375,GMMA,USD
1682977678975.0,1363,S,4000.0,1.50945,GMMA,USD
1683044703950.0,2555,S,2000.0,1.4989,GMMA,USD
1682916985275.0,380,B,3000.0,1.512525,GMMA,USD
1683019957150.0,2098,S,4000.0,1.472975,GMMA,USD
1683037327250.0,2409,S,3000.0,1.493025,GMMA,USD
1683001392475.0,1822,S,8000.0,1.5027000000000001,GMMA,USD
1682935803550.0,708,B,1000.0,1.521175,GMMA,USD
1683053940150.0,2727,S,4000.0,1.48475,GMMA,USD
1682948965825.0,902,B,7000.0,1.494575,GMMA,USD
1683065120175.0,2914,B,4000.0,1.451175,GMMA,USD
1682975092925.0,1316,B,8000.0,1.5205499999999998,GMMA,USD
1682989506050.0,1626,S,10000.0,1.4969750000000002,GMMA,USD
1682903044650.0,113,S,2000.0,1.502625,GMMA,USD
1683023146075.0,2167,B,3000.0,1.476225,GMMA,USD
1682911502475.0,272,B,5000.0,1.505175,GMMA,USD
1683038110375.0,2417,S,7000.0,1.495375,GMMA,USD
1682970591025.0,1264,B,9000.0,1.4950999999999999,GMMA,USD
1682970585425.0,1262,S,1000.0,1.49635,GMMA,USD
1682926357275.0,533,B,6000.0,1.503625,GMMA,USD
1683023121175.0,2165,S,3000.0,1.479075,GMMA,USD
1683016452525.0,2052,B,3000.0,1.476025,GMMA,USD
1682964058925.0,1158,S,7000.0,1.4898500000000001,GMMA,USD
1682942952375.0,807,B,2000.0,1.519625,GMMA,USD
1683046519550.0,2594,B,3000.0,1.49835,GMMA,USD
1682948429650.0,889,B,9000.0,1.498975,GMMA,USD
1682901253775.0,73,S,3000.0,1.504375,GMMA,USD
1682952926725.0,959,S,6000.0,1.5039,GMMA,USD
1683043126450.0,2524,B,4000.0,1.496325,GMMA,USD
1682958096025.0,1044,S,1000.0,1.494575,GMMA,USD
1682995593675.0,1725,S,3000.0,1.5117749999999999,GMMA,USD
1682945267825.0,833,B,9000.0,1.502575,GMMA,USD
1683062036550.0,2873,S,5000.0,1.4491500000000002,GMMA,USD
1682932620575.0,663,B,1000.0,1.525325,GMMA,USD
1682955475625.0,995,B,4000.0,1.5026,GMMA,USD
1682923736950.0,495,S,1000.0,1.5064000000000002,GMMA,USD
1682998891550.0,1765,B,10000.0,1.514475,GMMA,USD
1683021533850.0,2133,S,2000.0,1.478325,GMMA,USD
1682940848325.0,781,B,8000.0,1.515275,GMMA,USD
1683064933250.0,2906,B,2000.0,1.45255,GMMA,USD
1682905568975.0,165,S,4000.0,1.5012750000000001,GMMA,USD
1682935108250.0,694,S,10000.0,1.524475,GMMA,USD
1683001820025.0,1833,B,6000.0,1.505475,GMMA,USD
1682983870275.0,1538,S,5000.0,1.5071,GMMA,USD
1682979055550.0,1396,S,8000.0,1.508075,GMMA,USD
1683027084450.0,2238,S,8000.0,1.4857749999999998,GMMA,USD
1682925001825.0,519,S,3000.0,1.5066000000000002,GMMA,USD
1683020303975.0,2107,B,8000.0,1.474775,GMMA,USD
1682991365950.0,1661,B,1000.0,1.49885,GMMA,USD
1682943689625.0,823,B,9000.0,1.514875,GMMA,USD
1682904550475.0,149,B,6000.0,1.50135,GMMA,USD
1682965964250.0,1196,S,7000.0,1.495275,GMMA,USD
1683056144150.0,2762,S,10000.0,1.4731,GMMA,USD
1682941434150.0,799,S,7000.0,1.5169249999999999,GMMA,USD
1683053294325.0,2713,S,5000.0,1.4919,GMMA,USD
1682920754150.0,454,B,10000.0,1.495175,GMMA,USD
1682948437550.0,892,B,8000.0,1.498275,GMMA,USD
1683043122050.0,2522,S,7000.0,1.496875,GMMA,USD
1682965447250.0,1183,S,6000.0,1.493725,GMMA,USD
1682909925350.0,248,S,9000.0,1.5022,GMMA,USD
1682926614450.0,537,S,8000.0,1.5029249999999998,GMMA,USD
1682977726050.0,1364,B,8000.0,1.50765,GMMA,USD
1683048584725.0,2629,B,3000.0,1.489775,GMMA,USD
1682981422425.0,1468,B,4000.0,1.506475,GMMA,USD
1683042845250.0,2517,B,10000.0,1.499075,GMMA,USD
1682975889050.0,1339,S,7000.0,1.5208000000000002,GMMA,USD
1683055521725.0,2745,B,1000.0,1.472275,GMMA,USD
1682955657525.0,1002,B,6000.0,1.5008249999999999,GMMA,USD
1682990917850.0,1651,B,2000.0,1.493,GMMA,USD
1682981413125.0,1467,S,8000.0,1.510375,GMMA,USD
1682943457750.0,811,S,1000.0,1.519375,GMMA,USD
1683049333675.0,2642,B,3000.0,1.48985,GMMA,USD
1683006350150.0,1919,S,7000.0,1.485125,GMMA,USD
1683005330375.0,1898,B,7000.0,1.47665,GMMA,USD
1682977900125.0,1366,B,6000.0,1.5079500000000001,GMMA,USD
1682990000525.0,1631,S,2000.0,1.497525,GMMA,USD
1682927186750.0,552,B,3000.0,1.503725,GMMA,USD
1683068345075.0,2958,S,3000.0,1.468275,GMMA,USD
1682930564250.0,622,B,5000.0,1.521225,GMMA,USD
1682912739875.0,306,S,2000.0,1.5075749999999999,GMMA,USD
1683001419375.0,1826,S,2000.0,1.50205,GMMA,USD
1683047694750.0,2614,B,3000.0,1.491275,GMMA,USD
1682960944850.0,1090,B,1000.0,1.491925,GMMA,USD
1682948820025.0,899,B,10000.0,1.498675,GMMA,USD
1682958093525.0,1036,S,4000.0,1.494025,GMMA,USD
1682989013775.0,1617,S,5000.0,1.4988000000000001,GMMA,USD
1683054519175.0,2732,S,7000.0,1.4852249999999998,GMMA,USD
1682948820175.0,900,B,9000.0,1.498575,GMMA,USD
1683039570825.0,2451,S,3000.0,1.4966000000000002,GMMA,USD
1682965540525.0,1189,S,2000.0,1.493375,GMMA,USD
1683053442425.0,2715,B,9000.0,1.487,GMMA,USD
1683031877350.0,2303,B,5000.0,1.485825,GMMA,USD
1682996739775.0,1730,B,3000.0,1.5164,GMMA,USD
1682961515925.0,1100,S,4000.0,1.495925,GMMA,USD
1682931969775.0,659,B,8000.0,1.521275,GMMA,USD
1683006119925.0,1902,B,7000.0,1.483425,GMMA,USD
1682993310825.0,1690,B,3000.0,1.51565,GMMA,USD
1682971460675.0,1271,B,5000.0,1.494375,GMMA,USD
1683021046575.0,2127,S,5000.0,1.477275,GMMA,USD
1683013179750.0,1999,B,10000.0,1.477275,GMMA,USD
1682907493750.0,199,S,6000.0,1.5086000000000002,GMMA,USD
1682999735425.0,1781,B,2000.0,1.5048499999999998,GMMA,USD
1682990985250.0,1653,S,2000.0,1.4947,GMMA,USD
1683068049125.0,2954,S,7000.0,1.4701250000000001,GMMA,USD
1683046555125.0,2596,B,8000.0,1.4991,GMMA,USD
1682997224275.0,1738,S,1000.0,1.51405,GMMA,USD
1682971837950.0,1275,S,2000.0,1.502725,GMMA,USD
1683065746450.0,2928,B,8000.0,1.4539250000000001,GMMA,USD
1682908358750.0,210,B,3000.0,1.509475,GMMA,USD
1682968140275.0,1221,B,6000.0,1.490675,GMMA,USD
1683065058325.0,2909,S,4000.0,1.452525,GMMA,USD
1683006294475.0,1909,S,10000.0,1.483025,GMMA,USD
1682960228650.0,1072,B,10000.0,1.49265,GMMA,USD
1682935996350.0,712,S,6000.0,1.522275,GMMA,USD
1683034983250.0,2355,S,6000.0,1.486175,GMMA,USD
1683018622750.0,2087,S,2000.0,1.483825,GMMA,USD
1682913210775.0,316,B,3000.0,1.505225,GMMA,USD
1682920808675.0,458,S,1000.0,1.4976749999999999,GMMA,USD
1682978169850.0,1371,B,4000.0,1.5037,GMMA,USD
1683057909350.0,2803,B,3000.0,1.454575,GMMA,USD
1682917718850.0,396,S,4000.0,1.5121,GMMA,USD
1682942973775.0,808,B,3000.0,1.519625,GMMA,USD
1683067142225.0,2943,B,6000.0,1.46115,GMMA,USD
1683052861750.0,2692,S,10000.0,1.4925,GMMA,USD
1682964976325.0,1174,S,1000.0,1.494775,GMMA,USD
1682984988675.0,1550,B,7000.0,1.494525,GMMA,USD
1683032426450.0,2306,B,1000.0,1.488775,GMMA,USD
1682915024975.0,358,S,10000.0,1.50905,GMMA,USD
1682904192850.0,131,B,9000.0,1.5037500000000001,GMMA,USD
1682935942275.0,710,B,2000.0,1.5207249999999999,GMMA,USD
1683000130475.0,1792,S,3000.0,1.50855,GMMA,USD
1682950110250.0,918,B,1000.0,1.497425,GMMA,USD
1682936916075.0,728,S,6000.0,1.5260749999999998,GMMA,USD
1683047834950.0,2615,B,8000.0,1.494325,GMMA,USD
1683047420075.0,2606,S,10000.0,1.4959749999999998,GMMA,USD
1682990191175.0,1633,S,10000.0,1.4988750000000002,GMMA,USD
1683008336975.0,1941,B,7000.0,1.477625,GMMA,USD
1682951442525.0,930,B,2000.0,1.5026249999999999,GMMA,USD
1683056641450.0,2771,B,10000.0,1.4763,GMMA,USD
1682904995650.0,158,S,1000.0,1.5017,GMMA,USD
1683010823575.0,1967,B,9000.0,1.4840499999999999,GMMA,USD
1682978516250.0,1377,B,7000.0,1.50335,GMMA,USD
1683065058950.0,2912,S,3000.0,1.4527750000000001,GMMA,USD
1683052019025.0,2687,S,4000.0,1.4918749999999998,GMMA,USD
1682979196550.0,1405,B,9000.0,1.506475,GMMA,USD
1683022492625.0,2149,S,5000.0,1.4766249999999999,GMMA,USD
1683065323550.0,2919,B,7000.0,1.453325,GMMA,USD
1682937856950.0,739,S,10000.0,1.528125,GMMA,USD
1682961705275.0,1105,B,7000.0,1.493925,GMMA,USD
1683043941575.0,2540,B,9000.0,1.4946249999999999,GMMA,USD
1683055572425.0,2750,S,2000.0,1.4740749999999998,GMMA,USD
1683056385025.0,2767,S,4000.0,1.4748,GMMA,USD
1683003890650.0,1874,S,2000.0,1.4877,GMMA,USD
1682961374650.0,1095,S,2000.0,1.496325,GMMA,USD
1683038255525.0,2422,S,4000.0,1.4958749999999998,GMMA,USD
1683016669075.0,2054,S,8000.0,1.475725,GMMA,USD
1682987709825.0,1587,S,5000.0,1.497525,GMMA,USD
1682977678875.0,1362,S,1000.0,1.50935,GMMA,USD
1682914894875.0,353,S,6000.0,1.50915,GMMA,USD
1682910575975.0,266,S,8000.0,1.50935,GMMA,USD
1683056641625.0,2772,B,2000.0,1.4762499999999998,GMMA,USD
1683038849725.0,2443,S,2000.0,1.499525,GMMA,USD
1682912514625.0,301,S,8000.0,1.5071249999999998,GMMA,USD
1683052868025.0,2696,S,3000.0,1.4929,GMMA,USD
1682931163475.0,645,B,8000.0,1.520875,GMMA,USD
1682903343175.0,121,S,3000.0,1.5028750000000002,GMMA,USD
1682974407375.0,1307,B,3000.0,1.512325,GMMA,USD
1682962201875.0,1115,B,5000.0,1.497075,GMMA,USD
1682910307475.0,265,S,9000.0,1.50775,GMMA,USD
1682978706875.0,1380,S,7000.0,1.505825,GMMA,USD
1683040509850.0,2467,S,10000.0,1.5026000000000002,GMMA,USD
1682960106225.0,1065,B,6000.0,1.49245,GMMA,USD
1682991377725.0,1663,B,10000.0,1.4979,GMMA,USD
1682980068575.0,1427,B,7000.0,1.5003,GMMA,USD
1682926357450.0,534,B,6000.0,1.503525,GMMA,USD
1682906265725.0,177,B,7000.0,1.509125,GMMA,USD
1683002277675.0,1838,S,8000.0,1.5006249999999999,GMMA,USD
1682983780675.0,1534,S,7000.0,1.5075,GMMA,USD
1682904415075.0,139,S,5000.0,1.5041499999999999,GMMA,USD
1682953139425.0,960,B,8000.0,1.5029499999999998,GMMA,USD
1682969494150.0,1247,S,4000.0,1.4994500000000002,GMMA,USD
1682958093750.0,1037,S,6000.0,1.4940749999999998,GMMA,USD
1682914895475.0,355,S,7000.0,1.5093,GMMA,USD
1682928916475.0,581,B,10000.0,1.5149249999999999,GMMA,USD
1682969817625.0,1249,S,4000.0,1.4947000000000001,GMMA,USD
1683053151125.0,2704,B,5000.0,1.49035,GMMA,USD
1683055571950.0,2749,S,4000.0,1.4739749999999998,GMMA,USD
1682986804875.0,1579,B,2000.0,1.504375,GMMA,USD
1682994572575.0,1699,B,5000.0,1.5173999999999999,GMMA,USD
1682974407075.0,1305,B,8000.0,1.5125250000000001,GMMA,USD
1682954962950.0,985,B,2000.0,1.5027,GMMA,USD
1682990756550.0,1649,S,9000.0,1.49695,GMMA,USD
1682968873050.0,1232,S,4000.0,1.4954749999999999,GMMA,USD
1682898489275.0,42,B,3000.0,1.494875,GMMA,USD
1682978378175.0,1375,B,1000.0,1.50225,GMMA,USD
1683062395025.0,2877,B,7000.0,1.44885,GMMA,USD
1683035194850.0,2363,B,8000.0,1.489175,GMMA,USD
1682940848725.0,784,B,1000.0,1.5150249999999998,GMMA,USD
1682909854275.0,238,B,9000.0,1.50375,GMMA,USD
1683050494725.0,2670,S,2000.0,1.4917,GMMA,USD
1682972718575.0,1286,S,7000.0,1.50575,GMMA,USD
1682983059125.0,1517,S,7000.0,1.504825,GMMA,USD
1683058741625.0,2816,S,9000.0,1.4607999999999999,GMMA,USD
1682913110425.0,314,B,5000.0,1.504675,GMMA,USD
1683064828150.0,2903,B,9000.0,1.45365,GMMA,USD
1682966626075.0,1203,S,8000.0,1.49495,GMMA,USD
1682979725075.0,1413,B,7000.0,1.498475,GMMA,USD
1683052732175.0,2691,B,6000.0,1.4915,GMMA,USD
1682919552025.0,423,S,3000.0,1.508775,GMMA,USD
1682975007050.0,1315,S,6000.0,1.5183,GMMA,USD
1682963872575.0,1151,B,9000.0,1.4890999999999999,GMMA,USD
1682921632925.0,473,B,10000.0,1.4945249999999999,GMMA,USD
1683058950125.0,2820,S,2000.0,1.4586,GMMA,USD
1682993996675.0,1693,S,7000.0,1.5196500000000002,GMMA,USD
1682910306925.0,263,S,1000.0,1.50755,GMMA,USD
1683004672725.0,1883,S,2000.0,1.48085,GMMA,USD
1683028438325.0,2267,S,3000.0,1.494175,GMMA,USD
1682992127175.0,1679,B,4000.0,1.510225,GMMA,USD
1683022315325.0,2148,B,5000.0,1.477075,GMMA,USD
1683035954275.0,2382,B,4000.0,1.491525,GMMA,USD
1682984325050.0,1540,S,4000.0,1.5028750000000002,GMMA,USD
1683005186450.0,1892,B,6000.0,1.48025,GMMA,USD
1683013628450.0,2004,B,10000.0,1.4785249999999999,GMMA,USD
1682919551750.0,421,S,7000.0,1.5086249999999999,GMMA,USD
1683017904750.0,2080,S,5000.0,1.478875,GMMA,USD
1683055410675.0,2742,S,10000.0,1.473925,GMMA,USD
1683022735750.0,2163,S,7000.0,1.4804249999999999,GMMA,USD
1682988291325.0,1597,B,5000.0,1.5007,GMMA,USD
1683013079525.0,1995,B,10000.0,1.479625,GMMA,USD
1683036562125.0,2390,B,9000.0,1.4928249999999998,GMMA,USD
1682908469525.0,217,B,1000.0,1.511425,GMMA,USD
1682935532975.0,702,S,3000.0,1.525825,GMMA,USD
1682964058850.0,1157,S,6000.0,1.4897500000000001,GMMA,USD
1682905802650.0,166,B,2000.0,1.502225,GMMA,USD
1683042179975.0,2492,S,1000.0,1.5017749999999999,GMMA,USD
1682965540250.0,1187,S,8000.0,1.493175,GMMA,USD
1682975407050.0,1324,B,10000.0,1.5133999999999999,GMMA,USD
1682952824825.0,953,S,9000.0,1.5006000000000002,GMMA,USD
1682948966225.0,903,B,5000.0,1.494475,GMMA,USD
1682963444875.0,1144,B,1000.0,1.4909999999999999,GMMA,USD
1682953169050.0,962,B,3000.0,1.5026,GMMA,USD
1683029122925.0,2271,B,5000.0,1.486125,GMMA,USD
1683049706675.0,2651,S,9000.0,1.49095,GMMA,USD
1682982638150.0,1499,B,9000.0,1.507125,GMMA,USD
1682946170475.0,868,B,8000.0,1.498425,GMMA,USD
1682980794875.0,1453,S,6000.0,1.5064,GMMA,USD
1682961862525.0,1106,B,8000.0,1.4936749999999999,GMMA,USD
1683006362350.0,1921,B,5000.0,1.484125,GMMA,USD
1682987709975.0,1588,S,3000.0,1.497575,GMMA,USD
1682960332150.0,1074,B,9000.0,1.4897,GMMA,USD
1683026290550.0,2219,S,8000.0,1.4865249999999999,GMMA,USD
1682904489325.0,145,B,1000.0,1.5037500000000001,GMMA,USD
1682903072550.0,116,S,10000.0,1.5044250000000001,GMMA,USD
1682920111050.0,435,B,8000.0,1.503725,GMMA,USD
1682984706650.0,1545,S,8000.0,1.504375,GMMA,USD
1682958446575.0,1050,S,8000.0,1.49685,GMMA,USD
1683066327425.0,2935,S,7000.0,1.4627000000000001,GMMA,USD
1682977088575.0,1351,S,3000.0,1.514475,GMMA,USD
1682945795675.0,848,B,9000.0,1.502275,GMMA,USD
1683000688075.0,1803,B,10000.0,1.49705,GMMA,USD
1683067289675.0,2947,B,7000.0,1.46365,GMMA,USD
1683059321250.0,2826,B,7000.0,1.45285,GMMA,USD
1682909966950.0,249,S,1000.0,1.5029,GMMA,USD
1682972599725.0,1283,B,5000.0,1.5041,GMMA,USD
1682982669075.0,1502,S,4000.0,1.5090750000000002,GMMA,USD
1683054519450.0,2734,S,6000.0,1.485425,GMMA,USD
1683057115425.0,2782,B,5000.0,1.4651999999999998,GMMA,USD
1682899387125.0,50,B,9000.0,1.4988000000000001,GMMA,USD
1683016669950.0,2058,S,4000.0,1.476025,GMMA,USD
1682916704275.0,375,S,2000.0,1.5109249999999999,GMMA,USD
1683027423425.0,2247,B,9000.0,1.4874749999999999,GMMA,USD
1683003413650.0,1867,S,8000.0,1.4874749999999999,GMMA,USD
1683049691275.0,2649,S,7000.0,1.49085,GMMA,USD
1683044703425.0,2554,S,8000.0,1.49885,GMMA,USD
1682938756775.0,762,S,2000.0,1.521225,GMMA,USD
1683026643275.0,2230,S,3000.0,1.489325,GMMA,USD
1683006210425.0,1904,B,10000.0,1.485125,GMMA,USD
1682949601825.0,909,B,5000.0,1.500125,GMMA,USD
1683027483325.0,2252,B,5000.0,1.4866249999999999,GMMA,USD
1683000273450.0,1799,B,4000.0,1.5063499999999999,GMMA,USD
1683037328325.0,2413,S,1000.0,1.493375,GMMA,USD
1682931293150.0,650,B,9000.0,1.518675,GMMA,USD
1682923663975.0,491,S,8000.0,1.5035500000000002,GMMA,USD
1682911874625.0,281,B,2000.0,1.506575,GMMA,USD
1682910299325.0,261,B,10000.0,1.5067,GMMA,USD
1682905163075.0,162,B,10000.0,1.4961,GMMA,USD
1682902150225.0,83,S,5000.0,1.5023,GMMA,USD
1682933431725.0,681,S,8000.0,1.524775,GMMA,USD
1682926916025.0,541,S,3000.0,1.505175,GMMA,USD
1682930906025.0,632,S,8000.0,1.522525,GMMA,USD
1682982638225.0,1500,B,10000.0,1.507075,GMMA,USD
1682902753850.0,101,S,3000.0,1.501575,GMMA,USD
1682912173950.0,289,B,6000.0,1.506375,GMMA,USD
1683056063725.0,2759,B,2000.0,1.47105,GMMA,USD
1683062860425.0,2883,S,1000.0,1.454225,GMMA,USD
1683068210050.0,2955,B,6000.0,1.465275,GMMA,USD
1682911140725.0,269,B,8000.0,1.50465,GMMA,USD
1682940905075.0,785,B,2000.0,1.5149249999999999,GMMA,USD
1682984249750.0,1539,B,8000.0,1.502875,GMMA,USD
1683060367325.0,2840,B,1000.0,1.449975,GMMA,USD
1683020531850.0,2118,S,1000.0,1.475325,GMMA,USD
1683061658250.0,2864,B,3000.0,1.45125,GMMA,USD
1682938043375.0,742,B,5000.0,1.524975,GMMA,USD
1682938823275.0,763,B,3000.0,1.519425,GMMA,USD
1683008337050.0,1942,B,1000.0,1.477525,GMMA,USD
1682896915425.0,12,S,1000.0,1.50325,GMMA,USD
1683045555775.0,2582,B,6000.0,1.4965,GMMA,USD
1683014787150.0,2026,B,8000.0,1.473975,GMMA,USD
1683004673275.0,1884,S,8000.0,1.48095,GMMA,USD
1682945781450.0,846,S,4000.0,1.503375,GMMA,USD
1682956360525.0,1007,S,10000.0,1.5008249999999999,GMMA,USD
1682912117675.0,288,S,7000.0,1.5058749999999999,GMMA,USD
1683025790350.0,2209,S,7000.0,1.487825,GMMA,USD
1682933307425.0,677,B,9000.0,1.5259749999999999,GMMA,USD
1683044354025.0,2548,S,6000.0,1.498275,GMMA,USD
1682979725425.0,1414,B,4000.0,1.498375,GMMA,USD
1682913294950.0,321,B,9000.0,1.5048499999999998,GMMA,USD
1683006211350.0,1908,B,4000.0,1.484775,GMMA,USD
1682946653225.0,877,S,10000.0,1.4958749999999998,GMMA,USD
1682969340375.0,1241,S,9000.0,1.496775,GMMA,USD
1682945268025.0,834,B,5000.0,1.5025249999999999,GMMA,USD
1682903921975.0,126,B,10000.0,1.500575,GMMA,USD
1682995559525.0,1724,B,1000.0,1.509725,GMMA,USD
1683006174450.0,1903,S,10000.0,1.4847249999999999,GMMA,USD
1683002911575.0,1851,B,10000.0,1.488175,GMMA,USD
1683030923025.0,2287,S,10000.0,1.492125,GMMA,USD
1682957250325.0,1016,B,8000.0,1.491375,GMMA,USD
1683012382775.0,1988,B,2000.0,1.479875,GMMA,USD
1682921633050.0,474,B,6000.0,1.494425,GMMA,USD
1682929885750.0,600,S,3000.0,1.517475,GMMA,USD
1683049551050.0,2645,S,4000.0,1.4899,GMMA,USD
1682935800225.0,704,S,10000.0,1.521625,GMMA,USD
1682898320225.0,39,S,6000.0,1.500075,GMMA,USD
1683058326625.0,2812,S,7000.0,1.4573250000000002,GMMA,USD
1682966873650.0,1207,S,4000.0,1.4949,GMMA,USD
1683013179275.0,1996,B,3000.0,1.477525,GMMA,USD
1682997098150.0,1737,B,4000.0,1.5114,GMMA,USD
1682948109925.0,886,S,4000.0,1.4978749999999998,GMMA,USD
1682905300725.0,163,S,7000.0,1.49705,GMMA,USD
1682963710775.0,1150,B,5000.0,1.4898,GMMA,USD
1683023217875.0,2168,S,10000.0,1.477975,GMMA,USD
1682922426650.0,481,B,9000.0,1.4944499999999998,GMMA,USD
1683022216775.0,2139,B,4000.0,1.477125,GMMA,USD
1682896185475.0,7,S,7000.0,1.504925,GMMA,USD
1682973318450.0,1294,S,2000.0,1.5085,GMMA,USD
1683023812575.0,2180,B,2000.0,1.477125,GMMA,USD
1683055680025.0,2752,S,7000.0,1.4753749999999999,GMMA,USD
1682983339450.0,1525,S,2000.0,1.50735,GMMA,USD
1682907200650.0,192,S,6000.0,1.5111,GMMA,USD
1682974566650.0,1308,B,8000.0,1.511375,GMMA,USD
1682960228450.0,1071,B,10000.0,1.49275,GMMA,USD
1683027423175.0,2245,B,8000.0,1.487625,GMMA,USD
1682997642050.0,1750,S,1000.0,1.51775,GMMA,USD
1682911502525.0,273,B,4000.0,1.505075,GMMA,USD
1683051507475.0,2686,S,7000.0,1.4908249999999998,GMMA,USD
1683053206725.0,2706,S,3000.0,1.49125,GMMA,USD
1683034982875.0,2353,S,1000.0,1.485975,GMMA,USD
1682962563775.0,1131,B,10000.0,1.49685,GMMA,USD
1683019817975.0,2093,B,5000.0,1.473775,GMMA,USD
1682938456175.0,756,B,9000.0,1.521125,GMMA,USD
1683023461475.0,2173,B,1000.0,1.477075,GMMA,USD
1683049225650.0,2636,B,8000.0,1.49115,GMMA,USD
1683002912575.0,1853,B,7000.0,1.488025,GMMA,USD
1683057650050.0,2793,S,3000.0,1.4577250000000002,GMMA,USD
1682924115050.0,503,S,5000.0,1.5075500000000002,GMMA,USD
1682900719325.0,64,S,9000.0,1.500575,GMMA,USD
1683058208925.0,2810,S,8000.0,1.455775,GMMA,USD
1683045547225.0,2581,B,2000.0,1.49725,GMMA,USD
1682896528675.0,10,S,4000.0,1.5063250000000001,GMMA,USD
1682913588625.0,330,B,3000.0,1.50895,GMMA,USD
1682995444325.0,1718,B,8000.0,1.512525,GMMA,USD
1682917558825.0,384,B,5000.0,1.5112,GMMA,USD
1682948811425.0,895,S,1000.0,1.499325,GMMA,USD
1683002513850.0,1843,B,3000.0,1.496775,GMMA,USD
1683023812775.0,2181,B,8000.0,1.477075,GMMA,USD
1683041904375.0,2482,B,4000.0,1.4984,GMMA,USD
1682941185825.0,792,S,4000.0,1.515475,GMMA,USD
1683025793750.0,2211,S,5000.0,1.488025,GMMA,USD
1682898039675.0,35,S,4000.0,1.497525,GMMA,USD
1682902818975.0,103,S,7000.0,1.504175,GMMA,USD
1682918682325.0,414,S,3000.0,1.51345,GMMA,USD
1682986053175.0,1565,B,3000.0,1.50535,GMMA,USD
1682896024650.0,1,B,2000.0,1.500475,GMMA,USD
1683001039950.0,1811,S,9000.0,1.5006000000000002,GMMA,USD
1682916985125.0,379,B,8000.0,1.512575,GMMA,USD
1683038414775.0,2427,B,6000.0,1.494375,GMMA,USD
1683042180125.0,2494,S,8000.0,1.501925,GMMA,USD
1682987894075.0,1593,S,5000.0,1.495,GMMA,USD
1682969339775.0,1240,S,10000.0,1.4967249999999999,GMMA,USD
1682918456075.0,409,B,3000.0,1.51125,GMMA,USD
1682980780275.0,1452,S,6000.0,1.50605,GMMA,USD
1683063471550.0,2892,B,7000.0,1.453275,GMMA,USD
1683057601975.0,2791,B,4000.0,1.458625,GMMA,USD
1683060484650.0,2844,S,6000.0,1.4518250000000001,GMMA,USD
1683047532050.0,2607,B,1000.0,1.492675,GMMA,USD
1682948238775.0,887,S,10000.0,1.4975749999999999,GMMA,USD
1683051343650.0,2681,B,2000.0,1.4884249999999999,GMMA,USD
1682978994150.0,1394,S,1000.0,1.506775,GMMA,USD
1683038397225.0,2424,B,6000.0,1.4956749999999999,GMMA,USD
1682914582175.0,347,S,8000.0,1.5081,GMMA,USD
1682976100775.0,1343,S,10000.0,1.5228000000000002,GMMA,USD
1682967427250.0,1212,B,9000.0,1.4917,GMMA,USD
1682921205225.0,462,S,7000.0,1.4936749999999999,GMMA,USD
1682969242525.0,1235,S,3000.0,1.498875,GMMA,USD
1682962971525.0,1137,B,3000.0,1.4947,GMMA,USD
1683050049625.0,2658,B,8000.0,1.4916999999999998,GMMA,USD
1683056943750.0,2779,B,7000.0,1.4680499999999999,GMMA,USD
1683015514850.0,2038,S,1000.0,1.478675,GMMA,USD
1683055528550.0,2748,B,2000.0,1.471675,GMMA,USD
1682965540650.0,1190,S,2000.0,1.493425,GMMA,USD
1683019163225.0,2092,S,5000.0,1.476375,GMMA,USD
1683016669375.0,2057,S,3000.0,1.475925,GMMA,USD
1682918270125.0,407,S,5000.0,1.5131999999999999,GMMA,USD
1682962269250.0,1121,S,9000.0,1.4986249999999999,GMMA,USD
1683059170225.0,2823,S,3000.0,1.4553,GMMA,USD
1682960853225.0,1086,S,7000.0,1.491825,GMMA,USD
1683015890375.0,2041,S,2000.0,1.477625,GMMA,USD
1682978516475.0,1378,B,6000.0,1.50325,GMMA,USD
1682907009475.0,189,B,5000.0,1.5110999999999999,GMMA,USD
1683030411975.0,2277,B,7000.0,1.485525,GMMA,USD
1683023537075.0,2177,S,7000.0,1.478925,GMMA,USD
1682999394650.0,1775,B,10000.0,1.511625,GMMA,USD
1683067142025.0,2942,B,2000.0,1.4611999999999998,GMMA,USD
1682954963050.0,986,B,6000.0,1.5026,GMMA,USD
1683005077050.0,1890,B,10000.0,1.48135,GMMA,USD
1682954495750.0,979,S,6000.0,1.5032,GMMA,USD
1682929895450.0,601,B,1000.0,1.5170249999999998,GMMA,USD
1683008164625.0,1940,B,10000.0,1.476875,GMMA,USD
1683058950075.0,2819,S,6000.0,1.4585,GMMA,USD
1683060477975.0,2842,B,5000.0,1.449625,GMMA,USD
1683047835125.0,2617,B,9000.0,1.494225,GMMA,USD
1682996739925.0,1732,B,3000.0,1.5162,GMMA,USD
1682926151175.0,531,S,1000.0,1.506675,GMMA,USD
1683021969775.0,2138,B,8000.0,1.475025,GMMA,USD
1683040340325.0,2458,S,10000.0,1.5032500000000002,GMMA,USD
1683040631675.0,2471,S,2000.0,1.50265,GMMA,USD
1683037327150.0,2408,S,5000.0,1.492975,GMMA,USD
1682983108725.0,1521,S,2000.0,1.5058500000000001,GMMA,USD
1682981867325.0,1486,B,1000.0,1.514075,GMMA,USD
1682924819950.0,518,B,1000.0,1.5050999999999999,GMMA,USD
1682976196750.0,1347,B,1000.0,1.5233999999999999,GMMA,USD
1682938651575.0,760,B,8000.0,1.519125,GMMA,USD
1683062950725.0,2887,S,7000.0,1.4520250000000001,GMMA,USD
1682991526750.0,1671,S,5000.0,1.50085,GMMA,USD
1682957250850.0,1017,B,9000.0,1.491325,GMMA,USD
1682920754225.0,455,B,5000.0,1.495125,GMMA,USD
1682946652825.0,874,S,6000.0,1.495625,GMMA,USD
1683053228425.0,2712,S,2000.0,1.49145,GMMA,USD
1682901184975.0,69,S,9000.0,1.503775,GMMA,USD
1682964259775.0,1160,S,3000.0,1.49095,GMMA,USD
1683031877450.0,2304,B,1000.0,1.485725,GMMA,USD
1682959712850.0,1057,S,10000.0,1.4977,GMMA,USD
1682933494550.0,682,S,8000.0,1.526575,GMMA,USD
1682962537925.0,1130,B,9000.0,1.49705,GMMA,USD
1682935996850.0,714,S,9000.0,1.522475,GMMA,USD
1683016687375.0,2060,S,7000.0,1.476875,GMMA,USD
1682925567950.0,526,B,9000.0,1.502975,GMMA,USD
1682952376125.0,948,S,4000.0,1.502125,GMMA,USD
1683005076275.0,1887,B,1000.0,1.4816,GMMA,USD
1683000272650.0,1796,B,10000.0,1.5065,GMMA,USD
1682964759950.0,1171,S,2000.0,1.492775,GMMA,USD
1682979083125.0,1400,B,3000.0,1.505925,GMMA,USD
1682990985150.0,1652,S,8000.0,1.49465,GMMA,USD
1683024151175.0,2194,S,9000.0,1.478875,GMMA,USD
1682930389075.0,617,B,3000.0,1.5190249999999998,GMMA,USD
1682989715975.0,1627,B,4000.0,1.495875,GMMA,USD
1683038650525.0,2433,S,6000.0,1.493325,GMMA,USD
1683002278825.0,1841,S,4000.0,1.5008249999999999,GMMA,USD
1682902286450.0,91,S,1000.0,1.502,GMMA,USD
1682923622825.0,489,S,1000.0,1.50295,GMMA,USD
1682911403875.0,271,S,9000.0,1.50585,GMMA,USD
1682961531075.0,1102,B,10000.0,1.494825,GMMA,USD
1682968513450.0,1228,S,4000.0,1.4907249999999999,GMMA,USD
