ts_ms,trade_id,side,size,px,lhs_ccy,rhs_ccy
1682913429250.0,340,S,10000.0,0.80525,LMDA,USD
1683049611575.0,2848,B,6000.0,0.7968999999999999,LMDA,USD
1683067134950.0,3142,S,6000.0,0.80179,LMDA,USD
1682909222825.0,267,B,4000.0,0.802085,LMDA,USD
1682954519575.0,1105,S,7000.0,0.79781,LMDA,USD
1683050306425.0,2858,S,8000.0,0.79638,LMDA,USD
1683021703550.0,2371,B,8000.0,0.794095,LMDA,USD
1682937582875.0,762,B,2000.0,0.802525,LMDA,USD
1683006116150.0,2104,B,5000.0,0.7983750000000001,LMDA,USD
1682911197850.0,302,B,10000.0,0.8032400000000001,LMDA,USD
1683065492275.0,3118,B,6000.0,0.801105,LMDA,USD
1683054526050.0,2918,B,8000.0,0.797495,LMDA,USD
1682929061550.0,638,S,9000.0,0.805575,LMDA,USD
1683042129050.0,2723,S,7000.0,0.795355,LMDA,USD
1682897876675.0,29,B,9000.0,0.800225,LMDA,USD
1683009152075.0,2151,B,3000.0,0.7977099999999999,LMDA,USD
1683046774950.0,2811,S,9000.0,0.79827,LMDA,USD
1682943159925.0,872,S,7000.0,0.802615,LMDA,USD
1682984253275.0,1693,S,7000.0,0.7972049999999999,LMDA,USD
1683030220975.0,2511,S,9000.0,0.797235,LMDA,USD
1682947462050.0,940,S,5000.0,0.803295,LMDA,USD
1682933425575.0,692,S,3000.0,0.803515,LMDA,USD
1683025435750.0,2429,B,2000.0,0.794135,LMDA,USD
1683048864925.0,2831,S,9000.0,0.79865,LMDA,USD
1683026884775.0,2453,S,9000.0,0.794705,LMDA,USD
1682982461750.0,1661,S,1000.0,0.795475,LMDA,USD
1682927745825.0,606,B,2000.0,0.807135,LMDA,USD
1682952887650.0,1067,S,9000.0,0.79961,LMDA,USD
1682910987975.0,296,B,10000.0,0.80269,LMDA,USD
1682968242350.0,1353,B,9000.0,0.791145,LMDA,USD
1682944580225.0,886,B,4000.0,0.803925,LMDA,USD
1682902807925.0,146,S,3000.0,0.797745,LMDA,USD
1682958367750.0,1190,B,2000.0,0.7983,LMDA,USD
1682953389325.0,1078,S,5000.0,0.7995000000000001,LMDA,USD
1683025258975.0,2425,S,2000.0,0.794235,LMDA,USD
1682994296775.0,1898,B,7000.0,0.79662,LMDA,USD
1682994972475.0,1905,S,3000.0,0.7960250000000001,LMDA,USD
1682960854575.0,1221,S,6000.0,0.7949149999999999,LMDA,USD
1682922943075.0,510,S,6000.0,0.8088000000000001,LMDA,USD
1683048056850.0,2826,S,7000.0,0.7996949999999999,LMDA,USD
1682998551725.0,1981,S,5000.0,0.7966749999999999,LMDA,USD
1683037555350.0,2665,B,10000.0,0.799655,LMDA,USD
1682938698225.0,781,B,8000.0,0.803075,LMDA,USD
1682955433950.0,1120,S,6000.0,0.79808,LMDA,USD
1682906520775.0,220,B,2000.0,0.7983750000000001,LMDA,USD
1683046736750.0,2807,B,1000.0,0.79851,LMDA,USD
1683026884175.0,2450,S,7000.0,0.794765,LMDA,USD
1682934905825.0,715,B,1000.0,0.802475,LMDA,USD
1682965784025.0,1312,S,8000.0,0.7920349999999999,LMDA,USD
1683046598525.0,2800,B,7000.0,0.79872,LMDA,USD
1682946116050.0,915,B,10000.0,0.804215,LMDA,USD
1682982461575.0,1660,S,4000.0,0.7954950000000001,LMDA,USD
1682996456450.0,1921,S,5000.0,0.7960499999999999,LMDA,USD
1682984562075.0,1699,B,5000.0,0.796705,LMDA,USD
1683034635550.0,2607,B,1000.0,0.7972750000000001,LMDA,USD
1682925166025.0,554,S,3000.0,0.806705,LMDA,USD
1683012073150.0,2204,B,5000.0,0.794605,LMDA,USD
1682939535750.0,799,S,7000.0,0.802735,LMDA,USD
1683054607375.0,2923,B,7000.0,0.797825,LMDA,USD
1683026884475.0,2452,S,5000.0,0.794725,LMDA,USD
1682926352250.0,578,B,9000.0,0.806975,LMDA,USD
1683053423825.0,2905,S,8000.0,0.79619,LMDA,USD
1682990014025.0,1817,S,3000.0,0.794835,LMDA,USD
1683041225925.0,2702,B,8000.0,0.7965599999999999,LMDA,USD
1683000041850.0,2013,B,4000.0,0.7988299999999999,LMDA,USD
1682923357550.0,520,S,6000.0,0.80896,LMDA,USD
1682954518575.0,1102,S,10000.0,0.79786,LMDA,USD
1682898746375.0,42,B,3000.0,0.7997449999999999,LMDA,USD
1683036274175.0,2637,S,6000.0,0.800145,LMDA,USD
1682944579725.0,884,B,3000.0,0.8038850000000001,LMDA,USD
1682919694975.0,452,S,3000.0,0.807425,LMDA,USD
1682929025225.0,637,S,9000.0,0.805535,LMDA,USD
1682993844050.0,1889,S,4000.0,0.79668,LMDA,USD
1682905010450.0,199,B,6000.0,0.79746,LMDA,USD
1682967331375.0,1335,S,3000.0,0.7921199999999999,LMDA,USD
1683036274250.0,2638,S,9000.0,0.800125,LMDA,USD
1683009430850.0,2163,S,7000.0,0.79627,LMDA,USD
1682969469350.0,1374,S,2000.0,0.79111,LMDA,USD
1682983913450.0,1688,S,2000.0,0.79731,LMDA,USD
1682934236175.0,702,S,3000.0,0.803245,LMDA,USD
1682950442425.0,1016,B,8000.0,0.800795,LMDA,USD
1682987504650.0,1752,B,6000.0,0.7994549999999999,LMDA,USD
1682975552575.0,1502,S,4000.0,0.79338,LMDA,USD
1683014527525.0,2246,B,3000.0,0.792475,LMDA,USD
1683033762575.0,2579,B,3000.0,0.797475,LMDA,USD
1682976686250.0,1539,B,8000.0,0.7920149999999999,LMDA,USD
1683020506150.0,2347,S,10000.0,0.793875,LMDA,USD
1683042457125.0,2731,S,4000.0,0.795165,LMDA,USD
1682992186175.0,1845,B,9000.0,0.796375,LMDA,USD
1682970811950.0,1398,B,10000.0,0.79186,LMDA,USD
1682912057050.0,325,S,4000.0,0.8030649999999999,LMDA,USD
1683014389425.0,2240,S,3000.0,0.792785,LMDA,USD
1682968242250.0,1352,B,8000.0,0.791125,LMDA,USD
1682911943825.0,320,S,8000.0,0.803415,LMDA,USD
1683057999875.0,2995,B,2000.0,0.796355,LMDA,USD
1683033403225.0,2569,S,7000.0,0.798085,LMDA,USD
1683004169225.0,2075,B,1000.0,0.79745,LMDA,USD
1683035867850.0,2636,B,8000.0,0.7989550000000001,LMDA,USD
1682982097450.0,1651,S,2000.0,0.796065,LMDA,USD
1682952707650.0,1064,B,10000.0,0.7992699999999999,LMDA,USD
1682983971725.0,1689,B,7000.0,0.7974800000000001,LMDA,USD
1682989662575.0,1800,S,6000.0,0.796275,LMDA,USD
1682983876725.0,1687,S,4000.0,0.7969999999999999,LMDA,USD
1682955150225.0,1118,S,8000.0,0.7980900000000001,LMDA,USD
1682998535150.0,1975,S,7000.0,0.796875,LMDA,USD
1682960431825.0,1217,S,9000.0,0.795975,LMDA,USD
1682989702275.0,1803,B,10000.0,0.796505,LMDA,USD
1682925102350.0,552,B,3000.0,0.80694,LMDA,USD
1682959550475.0,1203,S,8000.0,0.7968999999999999,LMDA,USD
1683060958050.0,3052,B,9000.0,0.800815,LMDA,USD
1683061488525.0,3064,S,2000.0,0.80069,LMDA,USD
1683034055475.0,2592,S,2000.0,0.796735,LMDA,USD
1682977063350.0,1552,B,7000.0,0.791565,LMDA,USD
1682998828450.0,1984,B,3000.0,0.797315,LMDA,USD
1683054722750.0,2927,B,8000.0,0.797835,LMDA,USD
1682917910575.0,409,B,3000.0,0.8066800000000001,LMDA,USD
1683035499825.0,2630,B,6000.0,0.798755,LMDA,USD
1683022896275.0,2395,S,10000.0,0.795965,LMDA,USD
1683013909675.0,2237,B,4000.0,0.794255,LMDA,USD
1683007379850.0,2129,B,7000.0,0.798425,LMDA,USD
1682932146950.0,679,B,5000.0,0.802295,LMDA,USD
1683013531175.0,2235,B,7000.0,0.794405,LMDA,USD
1682986278825.0,1718,B,8000.0,0.7967,LMDA,USD
1683005550350.0,2096,S,7000.0,0.7982,LMDA,USD
1682903253925.0,161,S,6000.0,0.797835,LMDA,USD
1682964028850.0,1289,B,10000.0,0.7938999999999999,LMDA,USD
1682976586775.0,1536,S,1000.0,0.792045,LMDA,USD
1683030406675.0,2516,S,5000.0,0.7972750000000001,LMDA,USD
1683004029125.0,2062,S,6000.0,0.79721,LMDA,USD
1682975013825.0,1486,S,1000.0,0.79278,LMDA,USD
1682984300425.0,1694,S,4000.0,0.796945,LMDA,USD
1682999390425.0,1995,S,10000.0,0.7980849999999999,LMDA,USD
1683061178175.0,3055,B,10000.0,0.800505,LMDA,USD
1682916771650.0,396,S,4000.0,0.808385,LMDA,USD
1682982461075.0,1658,S,3000.0,0.7955150000000001,LMDA,USD
1683021004850.0,2361,S,6000.0,0.794505,LMDA,USD
1683017339925.0,2312,S,2000.0,0.791955,LMDA,USD
1683026681450.0,2446,B,8000.0,0.795205,LMDA,USD
1682976045375.0,1523,B,10000.0,0.79293,LMDA,USD
1682975180925.0,1491,S,9000.0,0.79245,LMDA,USD
1682975013325.0,1483,S,4000.0,0.79283,LMDA,USD
1682977584975.0,1566,B,1000.0,0.79162,LMDA,USD
1683017079450.0,2301,B,4000.0,0.792585,LMDA,USD
1682905518550.0,208,S,7000.0,0.797825,LMDA,USD
1683051171925.0,2877,S,7000.0,0.795175,LMDA,USD
1682952839325.0,1065,S,6000.0,0.79971,LMDA,USD
1682947154325.0,934,S,5000.0,0.803655,LMDA,USD
1682917565375.0,403,B,4000.0,0.80737,LMDA,USD
1682923407125.0,523,B,6000.0,0.80875,LMDA,USD
1683055357375.0,2951,B,9000.0,0.797635,LMDA,USD
1682911537975.0,306,B,2000.0,0.803755,LMDA,USD
1683025435650.0,2428,B,9000.0,0.794115,LMDA,USD
1682975352425.0,1500,B,10000.0,0.79312,LMDA,USD
1682975013725.0,1485,S,4000.0,0.79279,LMDA,USD
1682921191950.0,481,B,9000.0,0.808165,LMDA,USD
1682978296425.0,1589,S,3000.0,0.79184,LMDA,USD
1682921183650.0,474,B,6000.0,0.8079850000000001,LMDA,USD
1682905230675.0,206,S,10000.0,0.7977700000000001,LMDA,USD
1682911943775.0,319,S,5000.0,0.8034349999999999,LMDA,USD
1682925553025.0,560,S,5000.0,0.805575,LMDA,USD
1682991969825.0,1840,B,3000.0,0.796215,LMDA,USD
1683048805850.0,2830,B,5000.0,0.7985249999999999,LMDA,USD
1683055813150.0,2956,B,3000.0,0.79703,LMDA,USD
1682969538250.0,1377,S,7000.0,0.79117,LMDA,USD
1682930085175.0,659,B,8000.0,0.8037650000000001,LMDA,USD
1682918101750.0,412,S,5000.0,0.80711,LMDA,USD
1682954424025.0,1097,S,2000.0,0.7982100000000001,LMDA,USD
1682993656025.0,1883,S,2000.0,0.79711,LMDA,USD
1683064796975.0,3105,S,2000.0,0.79977,LMDA,USD
1682962460150.0,1254,S,1000.0,0.793415,LMDA,USD
1682950724850.0,1023,S,8000.0,0.800345,LMDA,USD
1682944030350.0,880,S,5000.0,0.803945,LMDA,USD
1683055908825.0,2957,B,1000.0,0.79755,LMDA,USD
1682901911150.0,120,S,10000.0,0.79682,LMDA,USD
1683044367625.0,2764,S,2000.0,0.794875,LMDA,USD
1683027373125.0,2469,S,9000.0,0.795135,LMDA,USD
1683054969125.0,2935,S,7000.0,0.797365,LMDA,USD
1683029920925.0,2506,B,8000.0,0.7968850000000001,LMDA,USD
1683037694550.0,2669,S,10000.0,0.799585,LMDA,USD
1682922944175.0,514,S,8000.0,0.8087300000000001,LMDA,USD
1682926130075.0,576,S,1000.0,0.806215,LMDA,USD
1682959378425.0,1199,S,5000.0,0.79774,LMDA,USD
1682968680575.0,1362,B,1000.0,0.790315,LMDA,USD
1682989830950.0,1809,S,4000.0,0.795005,LMDA,USD
1683037242975.0,2660,B,8000.0,0.799045,LMDA,USD
1682919360650.0,437,B,4000.0,0.80616,LMDA,USD
1682958178375.0,1188,B,3000.0,0.7979200000000001,LMDA,USD
1682978602250.0,1591,S,9000.0,0.7911400000000001,LMDA,USD
1683044765475.0,2775,S,5000.0,0.79579,LMDA,USD
1682991711250.0,1839,S,4000.0,0.79571,LMDA,USD
1682900055150.0,92,S,7000.0,0.7974800000000001,LMDA,USD
1682947000425.0,927,B,9000.0,0.804025,LMDA,USD
1683060146375.0,3031,S,9000.0,0.799605,LMDA,USD
1682898883950.0,56,S,8000.0,0.7986249999999999,LMDA,USD
1683018060550.0,2316,S,8000.0,0.791805,LMDA,USD
1682955578225.0,1133,B,6000.0,0.7980750000000001,LMDA,USD
1683068291950.0,3156,S,6000.0,0.8027650000000001,LMDA,USD
1682967329925.0,1333,S,3000.0,0.79216,LMDA,USD
1683034055525.0,2593,S,1000.0,0.796725,LMDA,USD
1682910050675.0,280,S,8000.0,0.8008299999999999,LMDA,USD
1682930797875.0,663,B,1000.0,0.8033950000000001,LMDA,USD
1682918490825.0,422,B,8000.0,0.80517,LMDA,USD
1682986577775.0,1725,S,3000.0,0.796745,LMDA,USD
1683029268075.0,2484,S,3000.0,0.7955450000000001,LMDA,USD
1682948967475.0,974,S,5000.0,0.802255,LMDA,USD
1682934310975.0,705,B,9000.0,0.803605,LMDA,USD
1682988877225.0,1776,S,8000.0,0.79691,LMDA,USD
1682971845575.0,1415,S,4000.0,0.7922250000000001,LMDA,USD
1682955594325.0,1134,B,1000.0,0.7981050000000001,LMDA,USD
1682934236225.0,703,S,2000.0,0.803235,LMDA,USD
1683009875275.0,2173,S,1000.0,0.7950900000000001,LMDA,USD
1682920052850.0,456,B,2000.0,0.808405,LMDA,USD
1683017079950.0,2303,B,5000.0,0.7926150000000001,LMDA,USD
1682997132625.0,1939,B,6000.0,0.79595,LMDA,USD
1682948150475.0,964,B,10000.0,0.8039350000000001,LMDA,USD
1682954701575.0,1109,B,1000.0,0.79828,LMDA,USD
1682951521125.0,1047,S,9000.0,0.798265,LMDA,USD
1683059990975.0,3027,B,7000.0,0.80016,LMDA,USD
1682929846275.0,657,S,7000.0,0.804875,LMDA,USD
1682934905375.0,713,B,10000.0,0.8024450000000001,LMDA,USD
1682898688975.0,40,S,8000.0,0.7992849999999999,LMDA,USD
1682906877725.0,228,B,3000.0,0.79856,LMDA,USD
1683029420550.0,2490,S,5000.0,0.795995,LMDA,USD
1682964028275.0,1286,B,7000.0,0.79385,LMDA,USD
1682937321850.0,759,S,10000.0,0.802975,LMDA,USD
1682917646925.0,407,B,5000.0,0.80713,LMDA,USD
1682966364125.0,1325,S,8000.0,0.79263,LMDA,USD
1682970671350.0,1396,B,8000.0,0.79156,LMDA,USD
1682995065950.0,1908,B,4000.0,0.796265,LMDA,USD
1682950431525.0,1013,S,5000.0,0.800535,LMDA,USD
1682952246925.0,1054,S,10000.0,0.799245,LMDA,USD
1683000471875.0,2022,S,6000.0,0.79964,LMDA,USD
1682899076325.0,64,B,9000.0,0.79798,LMDA,USD
1682920360475.0,466,S,5000.0,0.807845,LMDA,USD
1682992225650.0,1849,B,9000.0,0.796585,LMDA,USD
1683026192050.0,2440,S,10000.0,0.794655,LMDA,USD
1682986280325.0,1723,B,2000.0,0.79677,LMDA,USD
1683044764725.0,2772,S,2000.0,0.79584,LMDA,USD
1682950484175.0,1018,S,4000.0,0.8007650000000001,LMDA,USD
1682989932875.0,1816,S,9000.0,0.795025,LMDA,USD
1682976586050.0,1535,S,5000.0,0.792065,LMDA,USD
1683012406750.0,2207,B,8000.0,0.7949550000000001,LMDA,USD
1682975013950.0,1487,S,7000.0,0.79277,LMDA,USD
1683032268325.0,2554,S,8000.0,0.798825,LMDA,USD
1683015091375.0,2269,B,10000.0,0.793605,LMDA,USD
1682948074325.0,960,B,8000.0,0.8035650000000001,LMDA,USD
1682925103575.0,553,B,4000.0,0.80695,LMDA,USD
1682996698425.0,1927,S,8000.0,0.79601,LMDA,USD
1682913000450.0,337,B,8000.0,0.804245,LMDA,USD
1682978732925.0,1597,S,5000.0,0.790875,LMDA,USD
1682987700425.0,1756,B,1000.0,0.799295,LMDA,USD
1682998535775.0,1977,S,1000.0,0.7968449999999999,LMDA,USD
1682929373325.0,646,S,1000.0,0.805195,LMDA,USD
1682918187625.0,417,S,4000.0,0.80642,LMDA,USD
1683049399450.0,2844,B,6000.0,0.7971699999999999,LMDA,USD
1682920452450.0,468,B,8000.0,0.808085,LMDA,USD
1682927911125.0,615,B,1000.0,0.8076650000000001,LMDA,USD
1682984860450.0,1700,B,8000.0,0.797065,LMDA,USD
1682941208075.0,844,B,7000.0,0.802535,LMDA,USD
1682908946425.0,261,S,10000.0,0.8018350000000001,LMDA,USD
1682914981550.0,364,B,7000.0,0.8060499999999999,LMDA,USD
1683055015850.0,2945,B,6000.0,0.797505,LMDA,USD
1682925989825.0,575,S,7000.0,0.806235,LMDA,USD
1682999830575.0,2008,B,5000.0,0.79808,LMDA,USD
1683031422750.0,2542,B,5000.0,0.7987150000000001,LMDA,USD
1682994209175.0,1895,B,8000.0,0.79702,LMDA,USD
1683049375975.0,2842,B,5000.0,0.79708,LMDA,USD
1682952929750.0,1071,B,10000.0,0.7999299999999999,LMDA,USD
1683023274050.0,2405,B,3000.0,0.7947850000000001,LMDA,USD
1682903240550.0,157,S,2000.0,0.797845,LMDA,USD
1682998393125.0,1968,B,7000.0,0.7965949999999999,LMDA,USD
1682958367625.0,1189,B,2000.0,0.79828,LMDA,USD
1682904882475.0,198,B,8000.0,0.79697,LMDA,USD
1683034392975.0,2599,S,9000.0,0.796535,LMDA,USD
1683012909625.0,2217,B,5000.0,0.7951050000000001,LMDA,USD
1683055812650.0,2953,B,10000.0,0.79699,LMDA,USD
1682926879275.0,591,S,5000.0,0.8068150000000001,LMDA,USD
1683022882750.0,2391,B,3000.0,0.795925,LMDA,USD
1683015812525.0,2279,S,9000.0,0.792255,LMDA,USD
1682924466350.0,534,S,6000.0,0.80888,LMDA,USD
1682963944125.0,1283,S,5000.0,0.79374,LMDA,USD
1682944580875.0,887,B,10000.0,0.8039350000000001,LMDA,USD
1682954014350.0,1090,S,1000.0,0.79839,LMDA,USD
1682951378425.0,1041,S,8000.0,0.798775,LMDA,USD
1682903143225.0,155,B,8000.0,0.7981550000000001,LMDA,USD
1682969345875.0,1373,S,6000.0,0.791065,LMDA,USD
1682936003650.0,735,S,5000.0,0.801645,LMDA,USD
1682915656825.0,379,B,8000.0,0.806705,LMDA,USD
1682951664925.0,1049,B,5000.0,0.7986150000000001,LMDA,USD
1683023110125.0,2399,S,6000.0,0.794835,LMDA,USD
1682977216150.0,1558,S,9000.0,0.7911549999999999,LMDA,USD
1682955480175.0,1124,B,2000.0,0.79821,LMDA,USD
1682996698375.0,1926,S,3000.0,0.79603,LMDA,USD
1683007258475.0,2121,S,7000.0,0.798445,LMDA,USD
1682915655575.0,375,B,2000.0,0.806655,LMDA,USD
1683009102425.0,2150,B,5000.0,0.79718,LMDA,USD
1682947007275.0,932,S,8000.0,0.803735,LMDA,USD
1682898883850.0,55,S,10000.0,0.7986449999999999,LMDA,USD
1682953868250.0,1082,S,9000.0,0.79871,LMDA,USD
1683034055275.0,2591,S,6000.0,0.796745,LMDA,USD
1682929787425.0,655,S,4000.0,0.8049350000000001,LMDA,USD
1683009152350.0,2153,B,7000.0,0.79774,LMDA,USD
1682992704325.0,1869,S,5000.0,0.7970050000000001,LMDA,USD
1682947006425.0,930,S,2000.0,0.8037650000000001,LMDA,USD
1682974636050.0,1474,B,7000.0,0.792925,LMDA,USD
1683057655950.0,2989,S,4000.0,0.7970550000000001,LMDA,USD
1682927358575.0,599,B,3000.0,0.8077650000000001,LMDA,USD
1682898185450.0,34,S,1000.0,0.8001149999999999,LMDA,USD
1682973546525.0,1455,S,6000.0,0.79156,LMDA,USD
1683032268450.0,2555,S,2000.0,0.798815,LMDA,USD
1683055016125.0,2946,B,7000.0,0.797515,LMDA,USD
1682998288625.0,1959,B,1000.0,0.796025,LMDA,USD
1683035356650.0,2622,B,3000.0,0.798575,LMDA,USD
1683032440475.0,2556,B,8000.0,0.798365,LMDA,USD
1683044297050.0,2763,S,8000.0,0.795165,LMDA,USD
1683034518075.0,2603,B,1000.0,0.797025,LMDA,USD
1682938505425.0,772,B,10000.0,0.802805,LMDA,USD
1682987683950.0,1753,S,1000.0,0.7990349999999999,LMDA,USD
1682959952550.0,1207,B,4000.0,0.79595,LMDA,USD
1683012909250.0,2215,B,3000.0,0.7950750000000001,LMDA,USD
1683067850550.0,3149,B,10000.0,0.802105,LMDA,USD
1682940953525.0,837,B,7000.0,0.802385,LMDA,USD
1682944021050.0,878,S,6000.0,0.804105,LMDA,USD
1682999253125.0,1990,B,2000.0,0.798325,LMDA,USD
1682969812975.0,1380,B,7000.0,0.79119,LMDA,USD
1682989883650.0,1811,B,9000.0,0.795695,LMDA,USD
1682910567575.0,286,B,4000.0,0.80137,LMDA,USD
1683030783775.0,2528,B,2000.0,0.798505,LMDA,USD
1683003246250.0,2053,S,4000.0,0.797455,LMDA,USD
1682934905250.0,712,B,6000.0,0.802425,LMDA,USD
1682954701775.0,1110,B,4000.0,0.7983,LMDA,USD
1682988235825.0,1768,B,9000.0,0.79878,LMDA,USD
1682951414025.0,1043,S,9000.0,0.798465,LMDA,USD
1682900623475.0,104,S,4000.0,0.797275,LMDA,USD
1682933397275.0,691,B,9000.0,0.8033250000000001,LMDA,USD
1682970233850.0,1383,S,3000.0,0.79115,LMDA,USD
1682947754925.0,943,S,9000.0,0.803295,LMDA,USD
1683052253550.0,2890,B,7000.0,0.794535,LMDA,USD
1682919208650.0,433,B,4000.0,0.80582,LMDA,USD
1682992020325.0,1841,S,4000.0,0.7959350000000001,LMDA,USD
1682960048025.0,1210,S,5000.0,0.79591,LMDA,USD
1682970040775.0,1382,S,8000.0,0.79135,LMDA,USD
1683066943450.0,3141,S,8000.0,0.80136,LMDA,USD
1683042060625.0,2716,S,5000.0,0.7955949999999999,LMDA,USD
1682967423875.0,1338,S,9000.0,0.7921199999999999,LMDA,USD
1682907694975.0,238,S,9000.0,0.80043,LMDA,USD
1682955149875.0,1115,S,5000.0,0.79813,LMDA,USD
1683001872250.0,2036,S,4000.0,0.801025,LMDA,USD
1682908027650.0,246,B,9000.0,0.80151,LMDA,USD
1683054383050.0,2916,B,8000.0,0.796745,LMDA,USD
1683011256125.0,2195,B,1000.0,0.79447,LMDA,USD
1682942067975.0,857,B,2000.0,0.803645,LMDA,USD
1682922237975.0,494,S,3000.0,0.8074300000000001,LMDA,USD
1682909117375.0,265,B,9000.0,0.802115,LMDA,USD
1683020581225.0,2350,B,9000.0,0.794375,LMDA,USD
1682944950975.0,898,B,3000.0,0.804165,LMDA,USD
1682988404925.0,1771,S,3000.0,0.79769,LMDA,USD
1682957987275.0,1180,B,1000.0,0.798215,LMDA,USD
1682983842525.0,1686,S,4000.0,0.79731,LMDA,USD
1682996551850.0,1923,B,8000.0,0.79654,LMDA,USD
1683000656950.0,2029,B,10000.0,0.7996099999999999,LMDA,USD
1683006115650.0,2102,B,5000.0,0.798335,LMDA,USD
1682940951150.0,830,B,8000.0,0.802265,LMDA,USD
1683043324025.0,2746,S,5000.0,0.7945949999999999,LMDA,USD
1682918677350.0,428,S,10000.0,0.80529,LMDA,USD
1683022312525.0,2378,S,8000.0,0.793815,LMDA,USD
1683030782925.0,2523,B,8000.0,0.798425,LMDA,USD
1683013529550.0,2231,B,6000.0,0.7943450000000001,LMDA,USD
1682971544675.0,1408,B,6000.0,0.792295,LMDA,USD
1682917586775.0,404,S,1000.0,0.80701,LMDA,USD
1682946619925.0,920,B,2000.0,0.8047650000000001,LMDA,USD
1682925746925.0,570,B,8000.0,0.805755,LMDA,USD
1683025258750.0,2423,S,2000.0,0.7942750000000001,LMDA,USD
1682995066475.0,1909,B,10000.0,0.796285,LMDA,USD
1682945564950.0,907,S,3000.0,0.803805,LMDA,USD
1683030783650.0,2527,B,8000.0,0.7984950000000001,LMDA,USD
1682900336850.0,99,S,1000.0,0.796825,LMDA,USD
1683060143450.0,3028,B,2000.0,0.799995,LMDA,USD
1682957209275.0,1165,S,6000.0,0.797405,LMDA,USD
1682918574025.0,423,B,3000.0,0.80557,LMDA,USD
1682910920250.0,293,S,2000.0,0.8024,LMDA,USD
1682954424250.0,1098,S,5000.0,0.7982,LMDA,USD
1683065252625.0,3116,B,3000.0,0.800515,LMDA,USD
1682972509225.0,1431,B,10000.0,0.79175,LMDA,USD
1682917078075.0,400,S,6000.0,0.807565,LMDA,USD
1682999701725.0,2002,S,9000.0,0.79798,LMDA,USD
1682998393225.0,1969,B,6000.0,0.796615,LMDA,USD
1682977215750.0,1557,S,5000.0,0.791165,LMDA,USD
1682947893725.0,953,S,9000.0,0.803145,LMDA,USD
1683056294425.0,2967,S,7000.0,0.79809,LMDA,USD
1682922743925.0,505,B,7000.0,0.80889,LMDA,USD
1682953749025.0,1081,B,6000.0,0.7988799999999999,LMDA,USD
1683032268150.0,2553,S,5000.0,0.798845,LMDA,USD
1682982160725.0,1654,B,3000.0,0.7962049999999999,LMDA,USD
1682984545325.0,1698,B,5000.0,0.796675,LMDA,USD
1682964028450.0,1287,B,4000.0,0.79387,LMDA,USD
1682909326925.0,269,S,8000.0,0.802425,LMDA,USD
1682982812825.0,1672,B,5000.0,0.795885,LMDA,USD
1683049252675.0,2841,S,6000.0,0.7973,LMDA,USD
1682921242575.0,482,B,2000.0,0.808045,LMDA,USD
1683018868175.0,2329,S,5000.0,0.793215,LMDA,USD
1682953682450.0,1080,S,8000.0,0.79847,LMDA,USD
1682934311450.0,708,B,1000.0,0.803645,LMDA,USD
1682914231150.0,348,B,9000.0,0.80526,LMDA,USD
1683014022675.0,2239,S,3000.0,0.793525,LMDA,USD
1682940953625.0,838,B,9000.0,0.802405,LMDA,USD
1683046736375.0,2806,B,8000.0,0.7985,LMDA,USD
1682976241525.0,1530,S,7000.0,0.792495,LMDA,USD
1683026765450.0,2449,B,4000.0,0.7953250000000001,LMDA,USD
1682900050925.0,90,S,8000.0,0.7976800000000001,LMDA,USD
1683002482425.0,2045,B,3000.0,0.7998149999999999,LMDA,USD
1682985795625.0,1711,S,5000.0,0.79601,LMDA,USD
1682936462350.0,738,B,9000.0,0.801435,LMDA,USD
1682912013425.0,323,B,2000.0,0.803385,LMDA,USD
1682956603125.0,1154,B,7000.0,0.797605,LMDA,USD
1682948966825.0,971,S,8000.0,0.802295,LMDA,USD
1682930820375.0,664,B,6000.0,0.803385,LMDA,USD
1682929253875.0,642,B,7000.0,0.8052750000000001,LMDA,USD
1682973355175.0,1453,B,6000.0,0.7923199999999999,LMDA,USD
1682965889275.0,1313,S,10000.0,0.7919649999999999,LMDA,USD
1682904176950.0,181,S,2000.0,0.79749,LMDA,USD
1682902257025.0,125,B,2000.0,0.79773,LMDA,USD
1682928176350.0,622,B,5000.0,0.807675,LMDA,USD
1682988082125.0,1764,B,9000.0,0.79904,LMDA,USD
1682973076225.0,1450,B,9000.0,0.79201,LMDA,USD
1683034376725.0,2596,B,8000.0,0.796645,LMDA,USD
1682925034850.0,549,S,10000.0,0.80694,LMDA,USD
1682997089825.0,1938,B,4000.0,0.7958200000000001,LMDA,USD
1683010610375.0,2188,B,5000.0,0.7945099999999999,LMDA,USD
1683010715450.0,2190,S,5000.0,0.7943600000000001,LMDA,USD
1682939206125.0,794,B,3000.0,0.803085,LMDA,USD
1682941218175.0,850,S,9000.0,0.802495,LMDA,USD
1682970613275.0,1395,B,8000.0,0.79106,LMDA,USD
1682897392950.0,22,B,4000.0,0.8008700000000001,LMDA,USD
1682940953350.0,835,B,8000.0,0.802355,LMDA,USD
1683020580875.0,2348,B,2000.0,0.7943450000000001,LMDA,USD
1683041325825.0,2706,B,3000.0,0.7967099999999999,LMDA,USD
1682941209375.0,848,B,9000.0,0.8025950000000001,LMDA,USD
1682954539550.0,1107,S,4000.0,0.7977200000000001,LMDA,USD
1683046775025.0,2812,S,7000.0,0.79826,LMDA,USD
1682941352625.0,852,S,9000.0,0.802725,LMDA,USD
1682976347850.0,1531,S,2000.0,0.7922049999999999,LMDA,USD
1682898822825.0,50,B,9000.0,0.799165,LMDA,USD
1682926392175.0,580,B,10000.0,0.807075,LMDA,USD
1683047462425.0,2820,B,2000.0,0.7994249999999999,LMDA,USD
1682948967775.0,976,S,10000.0,0.802225,LMDA,USD
1683060492075.0,3043,S,9000.0,0.799875,LMDA,USD
1682908560375.0,255,B,6000.0,0.801335,LMDA,USD
1682992543150.0,1863,B,3000.0,0.796995,LMDA,USD
1683030783150.0,2524,B,4000.0,0.7984450000000001,LMDA,USD
1683057569225.0,2986,B,10000.0,0.797475,LMDA,USD
1683057150050.0,2980,B,9000.0,0.7977299999999999,LMDA,USD
1683007379075.0,2126,B,3000.0,0.7983750000000001,LMDA,USD
1682985795425.0,1710,S,1000.0,0.79603,LMDA,USD
1683029420875.0,2491,S,6000.0,0.795975,LMDA,USD
1682998993125.0,1986,S,1000.0,0.7972049999999999,LMDA,USD
1682974446225.0,1464,B,6000.0,0.7921250000000001,LMDA,USD
1682981628125.0,1637,S,7000.0,0.7938550000000001,LMDA,USD
1683042079350.0,2720,B,4000.0,0.7956150000000001,LMDA,USD
1683050994650.0,2873,B,5000.0,0.796135,LMDA,USD
1682949498225.0,993,B,1000.0,0.802915,LMDA,USD
1683054852975.0,2932,B,9000.0,0.797665,LMDA,USD
1682902618050.0,141,B,9000.0,0.79889,LMDA,USD
1683050306325.0,2857,S,8000.0,0.79639,LMDA,USD
1683055006425.0,2942,B,2000.0,0.797505,LMDA,USD
1682990407925.0,1827,B,1000.0,0.79467,LMDA,USD
1682915932575.0,388,B,2000.0,0.807815,LMDA,USD
1683022479650.0,2386,S,3000.0,0.794255,LMDA,USD
1682944950875.0,897,B,7000.0,0.8041550000000001,LMDA,USD
1682940034575.0,807,B,2000.0,0.802585,LMDA,USD
1683052593150.0,2893,B,8000.0,0.7949200000000001,LMDA,USD
1683040268375.0,2691,S,6000.0,0.7968500000000001,LMDA,USD
1683064823825.0,3108,S,7000.0,0.7996300000000001,LMDA,USD
1682949422625.0,987,B,9000.0,0.802685,LMDA,USD
1682897332475.0,21,S,4000.0,0.8007099999999999,LMDA,USD
1683066939025.0,3139,S,9000.0,0.80151,LMDA,USD
1682922744025.0,506,B,5000.0,0.8089099999999999,LMDA,USD
1682978665425.0,1595,S,10000.0,0.791045,LMDA,USD
1682931841025.0,677,B,9000.0,0.802145,LMDA,USD
1682967926475.0,1343,B,10000.0,0.792485,LMDA,USD
1682985370150.0,1705,B,9000.0,0.796855,LMDA,USD
1682928200525.0,627,S,2000.0,0.807435,LMDA,USD
1682931773675.0,674,S,7000.0,0.801995,LMDA,USD
1682997578675.0,1951,S,8000.0,0.79564,LMDA,USD
1683012941450.0,2224,S,7000.0,0.795235,LMDA,USD
1683036433850.0,2641,S,3000.0,0.799465,LMDA,USD
1682978901150.0,1604,B,7000.0,0.790055,LMDA,USD
1682992699350.0,1867,B,8000.0,0.797435,LMDA,USD
1682906850875.0,225,S,2000.0,0.79841,LMDA,USD
1682925262125.0,556,B,10000.0,0.8064250000000001,LMDA,USD
1683017339875.0,2311,S,4000.0,0.791975,LMDA,USD
1682977776025.0,1568,S,10000.0,0.7921400000000001,LMDA,USD
1683044078225.0,2759,S,2000.0,0.795465,LMDA,USD
1683017180650.0,2306,S,1000.0,0.791925,LMDA,USD
1682976045525.0,1524,B,6000.0,0.79294,LMDA,USD
1682996975575.0,1934,B,5000.0,0.7961600000000001,LMDA,USD
1683067265450.0,3147,B,9000.0,0.80161,LMDA,USD
1682986280425.0,1724,B,1000.0,0.7967799999999999,LMDA,USD
1682954890125.0,1111,B,4000.0,0.7982899999999999,LMDA,USD
1682923127250.0,518,S,1000.0,0.80876,LMDA,USD
1683058390525.0,3003,B,6000.0,0.799115,LMDA,USD
1682983520575.0,1679,S,4000.0,0.7964399999999999,LMDA,USD
1682997210025.0,1940,S,10000.0,0.7959999999999999,LMDA,USD
1682955927150.0,1145,B,6000.0,0.7973450000000001,LMDA,USD
1682992704250.0,1868,S,9000.0,0.797015,LMDA,USD
1682960936725.0,1224,S,2000.0,0.7949149999999999,LMDA,USD
1682974635325.0,1472,B,4000.0,0.7929050000000001,LMDA,USD
1683060146125.0,3030,S,4000.0,0.799615,LMDA,USD
1683028916575.0,2482,S,4000.0,0.795675,LMDA,USD
1682945652050.0,910,S,9000.0,0.804105,LMDA,USD
1683059330925.0,3021,S,4000.0,0.79891,LMDA,USD
1682898822725.0,49,B,3000.0,0.799155,LMDA,USD
1683047599975.0,2822,B,7000.0,0.7996449999999999,LMDA,USD
1682919385575.0,438,B,8000.0,0.8064,LMDA,USD
1683042457375.0,2732,S,7000.0,0.795155,LMDA,USD
1682975661050.0,1508,B,1000.0,0.7940200000000001,LMDA,USD
1683053494250.0,2908,B,1000.0,0.79623,LMDA,USD
1683054285875.0,2914,B,4000.0,0.797045,LMDA,USD
1682987839925.0,1761,S,4000.0,0.79893,LMDA,USD
1683029506425.0,2494,S,8000.0,0.795975,LMDA,USD
1682971025325.0,1402,S,8000.0,0.7919550000000001,LMDA,USD
1682943280925.0,874,S,6000.0,0.8027650000000001,LMDA,USD
1683052848225.0,2896,B,5000.0,0.7953,LMDA,USD
1682971434525.0,1404,B,9000.0,0.792095,LMDA,USD
1682951955775.0,1052,S,7000.0,0.799165,LMDA,USD
1682999390575.0,1996,S,3000.0,0.7980649999999999,LMDA,USD
1682961742875.0,1241,S,9000.0,0.794345,LMDA,USD
1682921435750.0,488,S,4000.0,0.807825,LMDA,USD
1683050535450.0,2860,B,4000.0,0.79623,LMDA,USD
1682954922575.0,1113,B,4000.0,0.79843,LMDA,USD
1682986279325.0,1719,B,4000.0,0.7967099999999999,LMDA,USD
1682954115425.0,1091,B,7000.0,0.79896,LMDA,USD
1683002288650.0,2040,B,7000.0,0.800835,LMDA,USD
1682949422550.0,986,B,6000.0,0.802675,LMDA,USD
1683030742650.0,2522,B,7000.0,0.798285,LMDA,USD
1683044159575.0,2760,S,6000.0,0.795755,LMDA,USD
1682963699175.0,1276,S,2000.0,0.79317,LMDA,USD
1683049086250.0,2836,S,6000.0,0.7982400000000001,LMDA,USD
1682925732950.0,566,S,10000.0,0.805615,LMDA,USD
1682997228575.0,1947,B,1000.0,0.7959700000000001,LMDA,USD
1682999349825.0,1993,B,2000.0,0.798045,LMDA,USD
1682975866275.0,1511,B,8000.0,0.79374,LMDA,USD
1682968006075.0,1349,S,7000.0,0.792015,LMDA,USD
1682992734775.0,1871,B,9000.0,0.797215,LMDA,USD
1682902536750.0,132,S,1000.0,0.79865,LMDA,USD
1683034517950.0,2602,B,9000.0,0.797015,LMDA,USD
1683026048050.0,2438,B,5000.0,0.794805,LMDA,USD
1682981709675.0,1641,B,7000.0,0.795245,LMDA,USD
1682911547950.0,308,B,4000.0,0.803975,LMDA,USD
1682903563450.0,169,B,2000.0,0.797945,LMDA,USD
1683035093550.0,2612,S,9000.0,0.798175,LMDA,USD
1682946620475.0,923,B,4000.0,0.804825,LMDA,USD
1682963316350.0,1273,B,2000.0,0.7926599999999999,LMDA,USD
1682939517950.0,797,B,6000.0,0.803025,LMDA,USD
1682935947225.0,726,B,1000.0,0.801805,LMDA,USD
1683056807825.0,2973,B,10000.0,0.79747,LMDA,USD
1682915711575.0,381,B,3000.0,0.8069149999999999,LMDA,USD
1682959062750.0,1196,S,7000.0,0.7972899999999999,LMDA,USD
1682900708725.0,110,S,5000.0,0.797025,LMDA,USD
1682989662350.0,1799,S,4000.0,0.796295,LMDA,USD
1683067273125.0,3148,S,3000.0,0.80147,LMDA,USD
1682964076650.0,1294,S,2000.0,0.7940400000000001,LMDA,USD
1682898109975.0,32,S,8000.0,0.799905,LMDA,USD
1682927911250.0,616,B,5000.0,0.807685,LMDA,USD
1683010233050.0,2182,S,9000.0,0.7947200000000001,LMDA,USD
1682929253575.0,641,B,9000.0,0.805265,LMDA,USD
1683044078075.0,2758,S,3000.0,0.795475,LMDA,USD
1683008480475.0,2139,S,4000.0,0.79757,LMDA,USD
1682981785925.0,1646,B,9000.0,0.795445,LMDA,USD
1683063659825.0,3099,S,7000.0,0.800345,LMDA,USD
1683033413975.0,2575,S,5000.0,0.797805,LMDA,USD
1682920719725.0,471,B,4000.0,0.808675,LMDA,USD
1682978187075.0,1580,B,8000.0,0.79202,LMDA,USD
1683035424850.0,2626,B,10000.0,0.7987150000000001,LMDA,USD
1682949478650.0,991,S,8000.0,0.802845,LMDA,USD
1682966037125.0,1316,S,8000.0,0.7922549999999999,LMDA,USD
1682900709125.0,111,S,4000.0,0.797015,LMDA,USD
1683060615025.0,3046,B,3000.0,0.8003450000000001,LMDA,USD
1682945115025.0,902,B,7000.0,0.8040550000000001,LMDA,USD
1682978602125.0,1590,S,4000.0,0.79115,LMDA,USD
1683034392725.0,2598,S,5000.0,0.796555,LMDA,USD
1683029790125.0,2503,B,2000.0,0.796405,LMDA,USD
1682951242650.0,1035,S,5000.0,0.799435,LMDA,USD
1682902537125.0,134,S,5000.0,0.7986099999999999,LMDA,USD
1682909566625.0,275,B,6000.0,0.801675,LMDA,USD
1683015910150.0,2283,B,7000.0,0.792555,LMDA,USD
1682964204525.0,1298,B,8000.0,0.79354,LMDA,USD
1682914455075.0,353,B,6000.0,0.80534,LMDA,USD
1682913948150.0,342,S,7000.0,0.80486,LMDA,USD
1682971126725.0,1403,S,8000.0,0.791245,LMDA,USD
1683002288525.0,2039,B,9000.0,0.8008149999999999,LMDA,USD
1683065492325.0,3119,B,1000.0,0.801115,LMDA,USD
1682973354975.0,1452,B,6000.0,0.7923,LMDA,USD
1682936982650.0,752,B,3000.0,0.802285,LMDA,USD
1682927316075.0,597,B,3000.0,0.807525,LMDA,USD
1682949827550.0,1004,S,4000.0,0.801885,LMDA,USD
1683004039050.0,2069,B,10000.0,0.79747,LMDA,USD
1682898746675.0,44,B,8000.0,0.799775,LMDA,USD
1682919623950.0,446,B,8000.0,0.8076150000000001,LMDA,USD
1682923779450.0,528,S,6000.0,0.8091700000000001,LMDA,USD
1682995233250.0,1914,B,8000.0,0.796355,LMDA,USD
1683010907375.0,2192,B,5000.0,0.7944599999999999,LMDA,USD
1682939197025.0,792,S,4000.0,0.802735,LMDA,USD
1683065669525.0,3120,S,8000.0,0.801175,LMDA,USD
1683026701950.0,2447,S,2000.0,0.7950550000000001,LMDA,USD
1683056883375.0,2974,S,10000.0,0.7972,LMDA,USD
1683034393650.0,2601,S,1000.0,0.796515,LMDA,USD
1682953942150.0,1087,B,2000.0,0.79879,LMDA,USD
1682975181250.0,1493,S,5000.0,0.79242,LMDA,USD
1682965889325.0,1314,S,6000.0,0.791955,LMDA,USD
1683057568850.0,2985,B,7000.0,0.797455,LMDA,USD
1682963315975.0,1272,B,6000.0,0.79264,LMDA,USD
1682920347175.0,464,B,8000.0,0.8080350000000001,LMDA,USD
1682912295450.0,331,B,9000.0,0.803895,LMDA,USD
1682899007775.0,60,B,9000.0,0.79852,LMDA,USD
1682914228975.0,347,B,8000.0,0.8051499999999999,LMDA,USD
1682978104675.0,1576,B,6000.0,0.79202,LMDA,USD
1682989883425.0,1810,B,7000.0,0.795675,LMDA,USD
1682989932775.0,1815,S,6000.0,0.795045,LMDA,USD
1682903142975.0,154,B,10000.0,0.798145,LMDA,USD
1683026192175.0,2441,S,7000.0,0.794635,LMDA,USD
1683016846150.0,2292,S,6000.0,0.792945,LMDA,USD
1682951520825.0,1046,S,3000.0,0.7982750000000001,LMDA,USD
1683018843850.0,2327,S,3000.0,0.792985,LMDA,USD
1682998535650.0,1976,S,7000.0,0.7968649999999999,LMDA,USD
1682983056225.0,1675,S,6000.0,0.796115,LMDA,USD
1682897331875.0,19,S,8000.0,0.80075,LMDA,USD
1683018076225.0,2318,B,7000.0,0.7920750000000001,LMDA,USD
1683060692725.0,3048,B,7000.0,0.800315,LMDA,USD
1682903445675.0,165,S,4000.0,0.797815,LMDA,USD
1682973857225.0,1458,S,8000.0,0.791215,LMDA,USD
1682940035175.0,810,B,2000.0,0.802635,LMDA,USD
1682923014075.0,515,S,9000.0,0.80903,LMDA,USD
1683008825475.0,2142,S,7000.0,0.79715,LMDA,USD
1682988091975.0,1767,B,9000.0,0.79914,LMDA,USD
1682920360175.0,465,S,3000.0,0.807855,LMDA,USD
1682972761025.0,1436,B,7000.0,0.79214,LMDA,USD
1683055006525.0,2943,B,6000.0,0.797515,LMDA,USD
1683003542825.0,2056,S,6000.0,0.797215,LMDA,USD
1682918676525.0,425,S,1000.0,0.80534,LMDA,USD
1682898823250.0,54,B,9000.0,0.799215,LMDA,USD
1682977527450.0,1563,S,10000.0,0.79137,LMDA,USD
1683012909725.0,2218,B,8000.0,0.795115,LMDA,USD
1682928744925.0,631,S,5000.0,0.806735,LMDA,USD
1682937234475.0,756,B,9000.0,0.8024950000000001,LMDA,USD
1682922523150.0,498,B,9000.0,0.8075899999999999,LMDA,USD
1682966160125.0,1321,B,8000.0,0.7924800000000001,LMDA,USD
1682978968950.0,1610,B,8000.0,0.7906449999999999,LMDA,USD
1683049661150.0,2851,B,8000.0,0.79679,LMDA,USD
1683066357725.0,3129,B,7000.0,0.80116,LMDA,USD
1683054723950.0,2930,B,2000.0,0.797875,LMDA,USD
1683016845975.0,2291,S,8000.0,0.792965,LMDA,USD
1682909567750.0,277,B,5000.0,0.801715,LMDA,USD
1682898580025.0,39,S,6000.0,0.799215,LMDA,USD
1682997078650.0,1937,B,7000.0,0.79573,LMDA,USD
1682905827750.0,210,S,3000.0,0.797985,LMDA,USD
1683029406925.0,2489,B,3000.0,0.796135,LMDA,USD
1683059633250.0,3025,S,10000.0,0.7996500000000001,LMDA,USD
1682972879850.0,1441,S,3000.0,0.79168,LMDA,USD
1682910987450.0,294,B,2000.0,0.80266,LMDA,USD
1682911169850.0,299,B,7000.0,0.8029900000000001,LMDA,USD
1683050103650.0,2853,B,10000.0,0.79658,LMDA,USD
1683011823075.0,2197,B,3000.0,0.794135,LMDA,USD
1682940196725.0,814,B,4000.0,0.802855,LMDA,USD
1683035093825.0,2613,S,4000.0,0.798165,LMDA,USD
1683043074150.0,2741,B,8000.0,0.7955450000000001,LMDA,USD
1682907695025.0,239,S,4000.0,0.80041,LMDA,USD
1682910124625.0,281,S,2000.0,0.8005899999999999,LMDA,USD
1683033864750.0,2586,S,6000.0,0.797065,LMDA,USD
1682918187450.0,416,S,5000.0,0.8064399999999999,LMDA,USD
1683004029650.0,2065,S,10000.0,0.79716,LMDA,USD
1683031155975.0,2533,B,3000.0,0.7982950000000001,LMDA,USD
1683032836125.0,2560,S,3000.0,0.797025,LMDA,USD
1682914981375.0,363,B,3000.0,0.80604,LMDA,USD
1682917113150.0,401,B,4000.0,0.8080649999999999,LMDA,USD
1683014859925.0,2258,S,3000.0,0.792985,LMDA,USD
1682904882375.0,197,B,10000.0,0.7969499999999999,LMDA,USD
1682998324875.0,1962,B,3000.0,0.796655,LMDA,USD
1682962589025.0,1262,S,1000.0,0.79284,LMDA,USD
1682954539025.0,1106,S,8000.0,0.79774,LMDA,USD
1683065095675.0,3110,B,3000.0,0.8004249999999999,LMDA,USD
1682990813450.0,1831,B,9000.0,0.7957599999999999,LMDA,USD
1682969538050.0,1376,S,8000.0,0.79118,LMDA,USD
1683022318750.0,2384,S,10000.0,0.793635,LMDA,USD
1682903240650.0,158,S,1000.0,0.797825,LMDA,USD
1682969490775.0,1375,S,1000.0,0.79086,LMDA,USD
1682988565450.0,1772,B,7000.0,0.79814,LMDA,USD
1683045721825.0,2780,B,5000.0,0.79781,LMDA,USD
1683046701950.0,2803,B,3000.0,0.79877,LMDA,USD
1682898171075.0,33,B,7000.0,0.8006449999999999,LMDA,USD
1682957025525.0,1161,S,2000.0,0.798105,LMDA,USD
1683043443925.0,2750,S,2000.0,0.794235,LMDA,USD
1682917631225.0,406,S,7000.0,0.80691,LMDA,USD
1682979940925.0,1618,S,5000.0,0.7917099999999999,LMDA,USD
1683018176175.0,2319,S,10000.0,0.791425,LMDA,USD
1683028668025.0,2475,B,4000.0,0.794775,LMDA,USD
1682925166250.0,555,S,3000.0,0.806685,LMDA,USD
1683035458650.0,2628,B,10000.0,0.7984950000000001,LMDA,USD
1682971642475.0,1410,B,9000.0,0.792215,LMDA,USD
1682975644925.0,1504,B,3000.0,0.7937,LMDA,USD
1682902618425.0,143,B,9000.0,0.79892,LMDA,USD
1682990357375.0,1826,S,2000.0,0.794395,LMDA,USD
1682940828125.0,825,S,5000.0,0.802195,LMDA,USD
1683046432275.0,2795,B,5000.0,0.79774,LMDA,USD
1682947994425.0,958,B,10000.0,0.803525,LMDA,USD
1683028826150.0,2476,B,1000.0,0.795475,LMDA,USD
1683000125175.0,2015,S,9000.0,0.79879,LMDA,USD
1683061348675.0,3062,B,5000.0,0.80117,LMDA,USD
1682926535050.0,583,S,6000.0,0.806945,LMDA,USD
1683008869775.0,2145,S,2000.0,0.7971600000000001,LMDA,USD
1683044764350.0,2771,S,10000.0,0.79585,LMDA,USD
1682945610425.0,909,B,5000.0,0.8039850000000001,LMDA,USD
1682923357850.0,521,S,9000.0,0.80894,LMDA,USD
1682981709950.0,1643,B,10000.0,0.795285,LMDA,USD
1682917005875.0,399,S,5000.0,0.807665,LMDA,USD
1683054528750.0,2919,S,7000.0,0.797165,LMDA,USD
1682900055425.0,93,S,7000.0,0.7974600000000001,LMDA,USD
1683046292450.0,2793,B,3000.0,0.79735,LMDA,USD
1683010162275.0,2180,S,2000.0,0.7948700000000001,LMDA,USD
1683066248750.0,3127,S,6000.0,0.8008,LMDA,USD
1682905200125.0,203,B,6000.0,0.79794,LMDA,USD
1682949294150.0,985,S,2000.0,0.802975,LMDA,USD
1682977198750.0,1555,S,3000.0,0.791235,LMDA,USD
1682972508150.0,1426,B,6000.0,0.7916599999999999,LMDA,USD
1682958047825.0,1186,B,7000.0,0.798095,LMDA,USD
1682955226525.0,1119,B,3000.0,0.7984699999999999,LMDA,USD
1683061178650.0,3059,B,9000.0,0.800575,LMDA,USD
1682947798525.0,948,S,4000.0,0.803385,LMDA,USD
1683056927375.0,2975,B,3000.0,0.7975099999999999,LMDA,USD
1683009442775.0,2167,S,3000.0,0.7962100000000001,LMDA,USD
1683023273525.0,2401,B,1000.0,0.7947350000000001,LMDA,USD
1683052007325.0,2886,S,5000.0,0.794605,LMDA,USD
1682938579675.0,777,B,7000.0,0.802975,LMDA,USD
1682972508575.0,1429,B,7000.0,0.79172,LMDA,USD
1682966044250.0,1318,B,2000.0,0.792495,LMDA,USD
1682902920450.0,151,B,6000.0,0.7983950000000001,LMDA,USD
1683018060675.0,2317,S,6000.0,0.791785,LMDA,USD
1683034377125.0,2597,B,5000.0,0.7966650000000001,LMDA,USD
1682900265425.0,96,B,9000.0,0.797535,LMDA,USD
1682911943675.0,318,S,5000.0,0.8034549999999999,LMDA,USD
1683031421975.0,2541,B,8000.0,0.798705,LMDA,USD
1682958537550.0,1193,B,6000.0,0.79781,LMDA,USD
1682932976075.0,686,S,3000.0,0.8027150000000001,LMDA,USD
1682948967525.0,975,S,6000.0,0.802245,LMDA,USD
1683027372550.0,2467,S,10000.0,0.795165,LMDA,USD
1682919487350.0,441,B,5000.0,0.806865,LMDA,USD
1682899590250.0,79,S,1000.0,0.79845,LMDA,USD
1683043073850.0,2740,B,7000.0,0.7955350000000001,LMDA,USD
1683066939150.0,3140,S,4000.0,0.8014899999999999,LMDA,USD
1682929787225.0,653,S,2000.0,0.804975,LMDA,USD
1683068007050.0,3150,B,2000.0,0.802545,LMDA,USD
1682944695125.0,888,S,10000.0,0.803415,LMDA,USD
1683066615550.0,3133,B,1000.0,0.80118,LMDA,USD
1682957947025.0,1176,B,2000.0,0.798015,LMDA,USD
1682978732775.0,1596,S,2000.0,0.790885,LMDA,USD
1683011255875.0,2194,B,9000.0,0.7944599999999999,LMDA,USD
1682955480850.0,1127,B,1000.0,0.7982499999999999,LMDA,USD
1682919694850.0,451,S,1000.0,0.807445,LMDA,USD
1683020581150.0,2349,B,3000.0,0.794365,LMDA,USD
1682975169825.0,1490,S,1000.0,0.79278,LMDA,USD
1683026885050.0,2455,S,10000.0,0.794675,LMDA,USD
1682960053025.0,1211,S,7000.0,0.79582,LMDA,USD
1683016992725.0,2299,S,5000.0,0.792695,LMDA,USD
1682976169475.0,1529,B,1000.0,0.79303,LMDA,USD
1682961742050.0,1239,S,2000.0,0.794365,LMDA,USD
1683022479750.0,2387,S,3000.0,0.794235,LMDA,USD
1682915072650.0,367,B,6000.0,0.80584,LMDA,USD
1682969345275.0,1370,S,2000.0,0.791115,LMDA,USD
1682910540050.0,285,B,5000.0,0.80125,LMDA,USD
1682992836525.0,1873,B,5000.0,0.797175,LMDA,USD
1682896191575.0,7,B,7000.0,0.800545,LMDA,USD
1683009876075.0,2177,S,7000.0,0.79503,LMDA,USD
1682954227650.0,1092,B,6000.0,0.79892,LMDA,USD
1682992542125.0,1859,B,7000.0,0.796925,LMDA,USD
1683026886275.0,2459,S,3000.0,0.794625,LMDA,USD
1683027686025.0,2473,S,9000.0,0.794355,LMDA,USD
1682933866725.0,696,S,2000.0,0.8039350000000001,LMDA,USD
1682923884450.0,529,S,5000.0,0.8089700000000001,LMDA,USD
1682989627250.0,1796,B,10000.0,0.796595,LMDA,USD
1683000041475.0,2012,B,2000.0,0.79881,LMDA,USD
1682915194650.0,372,B,3000.0,0.8060649999999999,LMDA,USD
1683025931225.0,2436,S,7000.0,0.794675,LMDA,USD
1683022480075.0,2388,S,2000.0,0.794225,LMDA,USD
1682968551050.0,1358,B,3000.0,0.790265,LMDA,USD
1683043630475.0,2755,S,1000.0,0.795025,LMDA,USD
1682965933450.0,1315,S,6000.0,0.791805,LMDA,USD
1682972880850.0,1444,S,9000.0,0.7916200000000001,LMDA,USD
1683033191225.0,2566,S,2000.0,0.798025,LMDA,USD
1683051677050.0,2884,S,7000.0,0.794435,LMDA,USD
1683022296450.0,2376,S,3000.0,0.793755,LMDA,USD
1683037242725.0,2658,B,8000.0,0.799015,LMDA,USD
1683019031975.0,2330,S,7000.0,0.7927150000000001,LMDA,USD
1683012941350.0,2223,S,7000.0,0.795245,LMDA,USD
1682940951425.0,832,B,3000.0,0.802305,LMDA,USD
1682897876975.0,31,B,5000.0,0.800245,LMDA,USD
1682906591950.0,222,B,1000.0,0.798595,LMDA,USD
1682906112250.0,212,S,4000.0,0.797575,LMDA,USD
1682906428025.0,217,B,1000.0,0.797685,LMDA,USD
1683000471450.0,2020,S,2000.0,0.7996800000000001,LMDA,USD
1682961909950.0,1247,B,4000.0,0.794465,LMDA,USD
1682948968550.0,979,S,6000.0,0.802165,LMDA,USD
1682964099750.0,1297,S,4000.0,0.79372,LMDA,USD
1682937603575.0,763,S,3000.0,0.8025950000000001,LMDA,USD
1683055277750.0,2949,S,7000.0,0.797595,LMDA,USD
1682980386950.0,1626,B,10000.0,0.7928000000000001,LMDA,USD
1682976034050.0,1520,B,6000.0,0.79285,LMDA,USD
1682939726575.0,802,S,8000.0,0.802535,LMDA,USD
1683066248425.0,3126,S,6000.0,0.8008099999999999,LMDA,USD
1683014754175.0,2255,S,2000.0,0.793125,LMDA,USD
1683033576525.0,2578,B,3000.0,0.797805,LMDA,USD
1682904687525.0,195,S,8000.0,0.7971600000000001,LMDA,USD
1682900051050.0,91,S,1000.0,0.79767,LMDA,USD
1682897849625.0,26,S,5000.0,0.799945,LMDA,USD
1682985264375.0,1703,B,2000.0,0.797095,LMDA,USD
1682942119525.0,859,B,8000.0,0.804035,LMDA,USD
1682991463925.0,1835,B,4000.0,0.7953399999999999,LMDA,USD
1682937278875.0,757,B,9000.0,0.802965,LMDA,USD
1682974596775.0,1469,B,1000.0,0.792775,LMDA,USD
1682899674350.0,82,S,3000.0,0.79812,LMDA,USD
1683067206175.0,3144,B,9000.0,0.8018500000000001,LMDA,USD
1682904384425.0,187,S,6000.0,0.7973,LMDA,USD
1682929787650.0,656,S,9000.0,0.804925,LMDA,USD
1682932702550.0,682,B,8000.0,0.8027650000000001,LMDA,USD
1682983641175.0,1682,S,6000.0,0.79706,LMDA,USD
1682903254425.0,163,S,7000.0,0.797805,LMDA,USD
1683044700050.0,2768,B,4000.0,0.7959,LMDA,USD
1682922943625.0,512,S,8000.0,0.8087700000000001,LMDA,USD
1682897875975.0,27,B,6000.0,0.800195,LMDA,USD
1682992572475.0,1866,B,6000.0,0.797285,LMDA,USD
1682944579825.0,885,B,5000.0,0.803905,LMDA,USD
1682935563250.0,722,S,2000.0,0.801405,LMDA,USD
1682918677675.0,429,S,6000.0,0.8052699999999999,LMDA,USD
1682904002975.0,179,B,3000.0,0.79772,LMDA,USD
1683050014650.0,2852,B,5000.0,0.7964,LMDA,USD
1683040484850.0,2695,B,1000.0,0.79718,LMDA,USD
1682921191275.0,478,B,6000.0,0.808115,LMDA,USD
1682988877150.0,1775,S,10000.0,0.79693,LMDA,USD
1683009479375.0,2168,S,10000.0,0.7960600000000001,LMDA,USD
1682904237675.0,183,S,5000.0,0.79744,LMDA,USD
1682988929525.0,1781,S,2000.0,0.7965599999999999,LMDA,USD
1683053555725.0,2909,S,4000.0,0.79569,LMDA,USD
1682950769250.0,1025,S,6000.0,0.800385,LMDA,USD
1682975486125.0,1501,S,6000.0,0.79282,LMDA,USD
1682915815175.0,383,B,5000.0,0.807075,LMDA,USD
1682926909250.0,593,B,9000.0,0.806995,LMDA,USD
1682978902025.0,1608,B,4000.0,0.790125,LMDA,USD
1682910539925.0,284,B,3000.0,0.8012400000000001,LMDA,USD
1683060372575.0,3039,S,4000.0,0.800365,LMDA,USD
1683039400250.0,2679,B,3000.0,0.79748,LMDA,USD
1682936619125.0,741,S,5000.0,0.801435,LMDA,USD
1683049202325.0,2840,S,1000.0,0.79777,LMDA,USD
1683020670250.0,2355,S,6000.0,0.794415,LMDA,USD
1682919487675.0,442,B,8000.0,0.8068850000000001,LMDA,USD
1682941910175.0,855,S,10000.0,0.802845,LMDA,USD
1682932976275.0,687,S,10000.0,0.802705,LMDA,USD
1682898823075.0,52,B,9000.0,0.7991849999999999,LMDA,USD
1682915885625.0,385,B,9000.0,0.807255,LMDA,USD
1682962370450.0,1252,S,3000.0,0.793895,LMDA,USD
1683023222875.0,2400,S,3000.0,0.794975,LMDA,USD
1682978983525.0,1611,B,4000.0,0.790875,LMDA,USD
1682994208925.0,1894,B,2000.0,0.797,LMDA,USD
1682970577750.0,1394,B,1000.0,0.79106,LMDA,USD
1682975746575.0,1509,B,2000.0,0.79389,LMDA,USD
1682914681075.0,360,S,4000.0,0.80537,LMDA,USD
1682998321650.0,1961,B,10000.0,0.796555,LMDA,USD
1682948551425.0,966,B,7000.0,0.803265,LMDA,USD
1683000546025.0,2025,B,1000.0,0.80014,LMDA,USD
1683037698125.0,2672,B,2000.0,0.7997350000000001,LMDA,USD
1682927986075.0,617,B,3000.0,0.8080550000000001,LMDA,USD
1683009430950.0,2164,S,2000.0,0.7962600000000001,LMDA,USD
1682935417425.0,718,B,5000.0,0.801625,LMDA,USD
1683012405775.0,2206,B,3000.0,0.794945,LMDA,USD
1682906112150.0,211,S,10000.0,0.797595,LMDA,USD
1682997738375.0,1953,S,7000.0,0.79545,LMDA,USD
1683037003450.0,2653,B,5000.0,0.7989850000000001,LMDA,USD
1683034055075.0,2590,S,5000.0,0.796755,LMDA,USD
1682987279450.0,1739,B,5000.0,0.798565,LMDA,USD
1682940034850.0,809,B,8000.0,0.8026150000000001,LMDA,USD
1683026353750.0,2444,S,7000.0,0.795315,LMDA,USD
1682950804750.0,1029,S,9000.0,0.800355,LMDA,USD
1682933618250.0,695,S,8000.0,0.803255,LMDA,USD
1683014550350.0,2251,B,1000.0,0.792415,LMDA,USD
1682918237475.0,418,S,4000.0,0.80599,LMDA,USD
1683029921150.0,2507,B,4000.0,0.7969050000000001,LMDA,USD
1682914238425.0,352,S,9000.0,0.8049700000000001,LMDA,USD
1683043324275.0,2747,S,9000.0,0.794575,LMDA,USD
1682922943175.0,511,S,7000.0,0.80879,LMDA,USD
1683056205650.0,2965,B,10000.0,0.79836,LMDA,USD
1682925732525.0,565,S,7000.0,0.805635,LMDA,USD
1682938757650.0,782,S,2000.0,0.8027150000000001,LMDA,USD
1683014859850.0,2257,S,7000.0,0.793005,LMDA,USD
1683028319675.0,2474,S,1000.0,0.794975,LMDA,USD
1682968242825.0,1356,B,2000.0,0.791205,LMDA,USD
1683035772275.0,2634,S,8000.0,0.798645,LMDA,USD
1682923094675.0,516,S,10000.0,0.80874,LMDA,USD
1683030207450.0,2509,B,5000.0,0.797305,LMDA,USD
1682958487975.0,1191,S,5000.0,0.79781,LMDA,USD
1683030103750.0,2508,B,4000.0,0.7970550000000001,LMDA,USD
1683056295475.0,2970,S,8000.0,0.79804,LMDA,USD
1683035424575.0,2625,B,2000.0,0.798695,LMDA,USD
1683000401325.0,2017,B,8000.0,0.7995599999999999,LMDA,USD
1683051391750.0,2879,S,3000.0,0.7951149999999999,LMDA,USD
1682993765250.0,1886,S,1000.0,0.79649,LMDA,USD
1683015012175.0,2266,B,2000.0,0.793255,LMDA,USD
1682958936750.0,1194,S,8000.0,0.79757,LMDA,USD
1682911197725.0,301,B,8000.0,0.80322,LMDA,USD
1682927759875.0,609,B,6000.0,0.8071550000000001,LMDA,USD
1683025378025.0,2426,B,4000.0,0.7940050000000001,LMDA,USD
1682988987150.0,1787,B,8000.0,0.79686,LMDA,USD
1682971787825.0,1414,B,4000.0,0.792605,LMDA,USD
1683020505675.0,2345,S,2000.0,0.793905,LMDA,USD
1682937803850.0,765,S,6000.0,0.802565,LMDA,USD
1682896729725.0,14,B,9000.0,0.8013600000000001,LMDA,USD
1683045873775.0,2785,S,8000.0,0.79765,LMDA,USD
1683039498925.0,2683,B,9000.0,0.7978,LMDA,USD
1682925553875.0,563,S,4000.0,0.805535,LMDA,USD
1683004637550.0,2086,B,7000.0,0.79787,LMDA,USD
1683015403925.0,2271,B,5000.0,0.792825,LMDA,USD
1682997227775.0,1944,B,1000.0,0.7959400000000001,LMDA,USD
1682970397450.0,1389,S,2000.0,0.79096,LMDA,USD
1682953941050.0,1084,B,8000.0,0.79874,LMDA,USD
1682950442175.0,1015,B,5000.0,0.8007850000000001,LMDA,USD
1682932975775.0,685,S,3000.0,0.802725,LMDA,USD
1682996858050.0,1930,S,3000.0,0.79613,LMDA,USD
1683000817175.0,2031,S,1000.0,0.79984,LMDA,USD
1683020372875.0,2342,S,10000.0,0.794315,LMDA,USD
1682988879475.0,1777,S,4000.0,0.79677,LMDA,USD
1683017339650.0,2309,S,1000.0,0.792005,LMDA,USD
1682954013975.0,1089,S,9000.0,0.7984,LMDA,USD
1682927742125.0,605,B,1000.0,0.807065,LMDA,USD
1683008480375.0,2138,S,8000.0,0.79759,LMDA,USD
1683030406425.0,2515,S,1000.0,0.797295,LMDA,USD
1682949827675.0,1005,S,7000.0,0.801865,LMDA,USD
1682940828050.0,824,S,10000.0,0.802215,LMDA,USD
1683002361675.0,2041,B,2000.0,0.8004749999999999,LMDA,USD
1683056294725.0,2968,S,1000.0,0.7980700000000001,LMDA,USD
1682957801025.0,1173,S,3000.0,0.797825,LMDA,USD
1683004029350.0,2064,S,7000.0,0.79718,LMDA,USD
1682940951725.0,833,B,9000.0,0.8023250000000001,LMDA,USD
1682981785850.0,1645,B,7000.0,0.7954249999999999,LMDA,USD
1682975924175.0,1514,S,9000.0,0.79292,LMDA,USD
1682901659525.0,118,S,9000.0,0.79671,LMDA,USD
1683026048650.0,2439,B,7000.0,0.794815,LMDA,USD
1683029790275.0,2504,B,2000.0,0.796415,LMDA,USD
1682908854025.0,260,B,7000.0,0.801565,LMDA,USD
1683041973925.0,2713,S,5000.0,0.796115,LMDA,USD
1682969820175.0,1381,B,7000.0,0.79134,LMDA,USD
1683050557450.0,2863,S,10000.0,0.79589,LMDA,USD
1683058390250.0,3002,B,1000.0,0.799095,LMDA,USD
1682900708625.0,109,S,7000.0,0.7970349999999999,LMDA,USD
1683042771325.0,2735,S,4000.0,0.795525,LMDA,USD
1682955789325.0,1138,S,5000.0,0.797195,LMDA,USD
1682992880750.0,1874,S,2000.0,0.796825,LMDA,USD
1682911611725.0,312,S,1000.0,0.803585,LMDA,USD
1683031423750.0,2546,B,10000.0,0.7987850000000001,LMDA,USD
1682956085625.0,1152,B,5000.0,0.797875,LMDA,USD
1682901911275.0,121,S,3000.0,0.7968,LMDA,USD
1682952887775.0,1068,S,10000.0,0.7996000000000001,LMDA,USD
1683008405750.0,2136,B,6000.0,0.797985,LMDA,USD
1683049661075.0,2850,B,3000.0,0.7967799999999999,LMDA,USD
1682994599725.0,1900,S,3000.0,0.7956,LMDA,USD
1682906875875.0,227,S,9000.0,0.79833,LMDA,USD
1683023110050.0,2398,S,5000.0,0.794855,LMDA,USD
1682948380775.0,965,S,2000.0,0.8035450000000001,LMDA,USD
1682982460875.0,1657,S,8000.0,0.7955350000000001,LMDA,USD
1683004579225.0,2084,B,10000.0,0.79794,LMDA,USD
1682899007850.0,61,B,4000.0,0.7985399999999999,LMDA,USD
1682993765375.0,1887,S,1000.0,0.79648,LMDA,USD
1683029506175.0,2493,S,1000.0,0.795995,LMDA,USD
1683037539575.0,2662,B,4000.0,0.7994950000000001,LMDA,USD
1682997228050.0,1945,B,10000.0,0.79595,LMDA,USD
1682997227375.0,1943,B,6000.0,0.7959200000000001,LMDA,USD
1682902593750.0,140,S,2000.0,0.79853,LMDA,USD
1683058939050.0,3017,S,10000.0,0.7996800000000001,LMDA,USD
1682998536350.0,1979,S,5000.0,0.796825,LMDA,USD
1683049642625.0,2849,B,7000.0,0.79677,LMDA,USD
1682934307725.0,704,S,10000.0,0.803475,LMDA,USD
1682898198975.0,35,S,4000.0,0.799955,LMDA,USD
1682900088725.0,94,B,5000.0,0.79811,LMDA,USD
1682999405450.0,1999,B,10000.0,0.7983049999999999,LMDA,USD
1683017079825.0,2302,B,9000.0,0.792605,LMDA,USD
1682932224150.0,680,B,5000.0,0.802035,LMDA,USD
1682934138925.0,698,B,5000.0,0.803215,LMDA,USD
1682947783425.0,945,B,8000.0,0.8035650000000001,LMDA,USD
1683060159125.0,3037,B,1000.0,0.800235,LMDA,USD
1683021106750.0,2365,S,3000.0,0.7943250000000001,LMDA,USD
1682982489325.0,1667,B,10000.0,0.796195,LMDA,USD
1683054415050.0,2917,S,8000.0,0.7966350000000001,LMDA,USD
1682952706925.0,1059,B,6000.0,0.79918,LMDA,USD
1682961277925.0,1227,S,4000.0,0.795325,LMDA,USD
1682978602575.0,1593,S,5000.0,0.7911,LMDA,USD
1682933032525.0,689,B,3000.0,0.8029550000000001,LMDA,USD
1682978296175.0,1588,S,3000.0,0.79185,LMDA,USD
1682903253825.0,160,S,3000.0,0.797845,LMDA,USD
1682902987025.0,152,B,6000.0,0.7986150000000001,LMDA,USD
1682934582950.0,711,B,4000.0,0.803235,LMDA,USD
1683025453650.0,2430,B,10000.0,0.794375,LMDA,USD
1683007348225.0,2125,B,8000.0,0.798095,LMDA,USD
1683054607225.0,2922,B,6000.0,0.797805,LMDA,USD
1682962467125.0,1260,B,6000.0,0.79355,LMDA,USD
1682989563775.0,1792,S,3000.0,0.796235,LMDA,USD
1683052916175.0,2898,S,10000.0,0.79528,LMDA,USD
1682987839725.0,1760,S,10000.0,0.7989499999999999,LMDA,USD
1682936003575.0,734,S,3000.0,0.801655,LMDA,USD
1682971532875.0,1407,S,9000.0,0.791905,LMDA,USD
1682978156775.0,1577,S,10000.0,0.79166,LMDA,USD
1683035500275.0,2632,B,5000.0,0.798795,LMDA,USD
1683062546250.0,3078,S,2000.0,0.80054,LMDA,USD
1682939726975.0,803,S,4000.0,0.802515,LMDA,USD
1682993765025.0,1885,S,8000.0,0.7965,LMDA,USD
1682908158550.0,248,S,9000.0,0.8015,LMDA,USD
1682949827325.0,1002,S,6000.0,0.801915,LMDA,USD
1682992225875.0,1851,B,10000.0,0.7966150000000001,LMDA,USD
1682997210250.0,1942,S,1000.0,0.79597,LMDA,USD
1682929373175.0,645,S,8000.0,0.8052050000000001,LMDA,USD
1682968172975.0,1351,B,3000.0,0.791625,LMDA,USD
1682911548475.0,311,B,8000.0,0.804015,LMDA,USD
1682899544725.0,74,B,10000.0,0.79864,LMDA,USD
1682903142025.0,153,B,5000.0,0.7981250000000001,LMDA,USD
1682952308350.0,1056,S,10000.0,0.798925,LMDA,USD
1682926878650.0,587,S,2000.0,0.806885,LMDA,USD
1682967117850.0,1332,B,6000.0,0.7918900000000001,LMDA,USD
1683049376175.0,2843,B,5000.0,0.7970999999999999,LMDA,USD
1682974654050.0,1479,B,7000.0,0.7930050000000001,LMDA,USD
1682956634525.0,1156,S,8000.0,0.797575,LMDA,USD
1682950483950.0,1017,S,9000.0,0.800775,LMDA,USD
1683005510325.0,2095,B,8000.0,0.7985300000000001,LMDA,USD
1683015487875.0,2277,S,7000.0,0.792415,LMDA,USD
1682901365375.0,114,B,5000.0,0.797465,LMDA,USD
1682979969575.0,1620,B,7000.0,0.7922,LMDA,USD
1682981671475.0,1640,B,7000.0,0.794735,LMDA,USD
1682973907550.0,1462,B,4000.0,0.791815,LMDA,USD
1682931870750.0,678,B,7000.0,0.8020550000000001,LMDA,USD
1682949827275.0,1001,S,5000.0,0.8019350000000001,LMDA,USD
1683030612350.0,2519,S,5000.0,0.797635,LMDA,USD
1683031317725.0,2539,S,10000.0,0.798145,LMDA,USD
1683039498750.0,2681,B,2000.0,0.7977599999999999,LMDA,USD
1683043101575.0,2742,S,10000.0,0.795395,LMDA,USD
1682961742375.0,1240,S,10000.0,0.7943549999999999,LMDA,USD
1682992542375.0,1860,B,9000.0,0.796945,LMDA,USD
1683015011650.0,2264,B,2000.0,0.7932250000000001,LMDA,USD
1682936620025.0,743,S,3000.0,0.801395,LMDA,USD
1682921707025.0,489,S,1000.0,0.807555,LMDA,USD
1682997724450.0,1952,B,2000.0,0.79566,LMDA,USD
1682902898275.0,149,S,6000.0,0.798035,LMDA,USD
1683058649475.0,3009,B,8000.0,0.799585,LMDA,USD
1683006795025.0,2110,S,1000.0,0.798465,LMDA,USD
1682997228875.0,1949,B,7000.0,0.796,LMDA,USD
1682908448075.0,253,S,7000.0,0.8013750000000001,LMDA,USD
1682895887275.0,0,S,3000.0,0.800215,LMDA,USD
1682974611675.0,1471,S,5000.0,0.792445,LMDA,USD
1682955594575.0,1135,B,10000.0,0.7981250000000001,LMDA,USD
1682986584125.0,1731,B,1000.0,0.797275,LMDA,USD
1682982608575.0,1670,B,1000.0,0.796025,LMDA,USD
1683067205925.0,3143,B,9000.0,0.80183,LMDA,USD
1682992226050.0,1852,B,7000.0,0.796625,LMDA,USD
1682936841075.0,749,B,5000.0,0.801435,LMDA,USD
1683007028925.0,2117,B,6000.0,0.7989350000000001,LMDA,USD
1682988091550.0,1765,B,10000.0,0.79911,LMDA,USD
1683044368250.0,2765,S,10000.0,0.794865,LMDA,USD
1682955625175.0,1136,S,9000.0,0.797885,LMDA,USD
1683016524025.0,2290,B,8000.0,0.793185,LMDA,USD
1682919781025.0,455,S,5000.0,0.807555,LMDA,USD
1682911548375.0,310,B,4000.0,0.804005,LMDA,USD
1683025216175.0,2421,B,3000.0,0.794555,LMDA,USD
1682911322075.0,304,S,7000.0,0.8030999999999999,LMDA,USD
1682961366350.0,1232,S,4000.0,0.795835,LMDA,USD
1683022896625.0,2396,S,2000.0,0.795945,LMDA,USD
1682972191150.0,1419,B,1000.0,0.791735,LMDA,USD
1682970906025.0,1400,B,3000.0,0.792385,LMDA,USD
1682926535325.0,584,S,1000.0,0.806925,LMDA,USD
1683025768275.0,2434,B,8000.0,0.7946850000000001,LMDA,USD
1682970812150.0,1399,B,6000.0,0.79188,LMDA,USD
1682960936650.0,1223,S,6000.0,0.794935,LMDA,USD
1682995095425.0,1911,B,5000.0,0.796315,LMDA,USD
1682967926675.0,1344,B,5000.0,0.792505,LMDA,USD
1682956811275.0,1159,S,1000.0,0.797505,LMDA,USD
1682904261750.0,185,B,8000.0,0.7974899999999999,LMDA,USD
1683018444975.0,2324,B,4000.0,0.7923250000000001,LMDA,USD
1682953116150.0,1073,B,3000.0,0.7994,LMDA,USD
1682900708150.0,107,S,1000.0,0.797065,LMDA,USD
1683012692250.0,2209,S,7000.0,0.794955,LMDA,USD
1682997210175.0,1941,S,7000.0,0.79599,LMDA,USD
1683029268225.0,2485,S,2000.0,0.795525,LMDA,USD
1682926456675.0,581,B,10000.0,0.807145,LMDA,USD
1683026219375.0,2442,B,10000.0,0.794675,LMDA,USD
1683054611150.0,2926,B,2000.0,0.797965,LMDA,USD
1683036948950.0,2652,B,7000.0,0.7991550000000001,LMDA,USD
1682908003675.0,244,B,2000.0,0.80155,LMDA,USD
1682919694525.0,450,S,3000.0,0.807455,LMDA,USD
1682920360575.0,467,S,4000.0,0.807835,LMDA,USD
1682936619975.0,742,S,5000.0,0.801415,LMDA,USD
1682925840950.0,571,S,7000.0,0.805675,LMDA,USD
1682928745125.0,632,S,8000.0,0.806725,LMDA,USD
1683003245975.0,2051,S,5000.0,0.797485,LMDA,USD
1682914238275.0,351,S,10000.0,0.80498,LMDA,USD
1682927315750.0,596,B,8000.0,0.807515,LMDA,USD
1682939726350.0,801,S,5000.0,0.802555,LMDA,USD
1682929787050.0,652,S,10000.0,0.804995,LMDA,USD
1682919549525.0,444,B,2000.0,0.807315,LMDA,USD
1682938505275.0,771,B,5000.0,0.802795,LMDA,USD
1683037231650.0,2655,S,4000.0,0.798875,LMDA,USD
1682935579425.0,723,S,6000.0,0.801275,LMDA,USD
1682972508275.0,1427,B,7000.0,0.7916799999999999,LMDA,USD
1683009237125.0,2157,B,9000.0,0.79736,LMDA,USD
1683021005025.0,2362,S,1000.0,0.7944950000000001,LMDA,USD
1682957947150.0,1177,B,4000.0,0.798035,LMDA,USD
1682970234625.0,1386,S,4000.0,0.79111,LMDA,USD
1683068007250.0,3152,B,8000.0,0.802575,LMDA,USD
1682947893850.0,954,S,9000.0,0.803135,LMDA,USD
1682955577775.0,1131,B,10000.0,0.798045,LMDA,USD
1682910987725.0,295,B,2000.0,0.8026800000000001,LMDA,USD
1683049086175.0,2835,S,10000.0,0.7982600000000001,LMDA,USD
1683039783625.0,2685,S,1000.0,0.7974,LMDA,USD
1682899718575.0,86,S,3000.0,0.79799,LMDA,USD
1682977585150.0,1567,B,4000.0,0.79164,LMDA,USD
1682988366925.0,1769,S,4000.0,0.79828,LMDA,USD
1683018060475.0,2315,S,1000.0,0.791825,LMDA,USD
1683024884875.0,2419,B,4000.0,0.793455,LMDA,USD
1682908005850.0,245,B,8000.0,0.80164,LMDA,USD
1683057569450.0,2987,B,9000.0,0.797485,LMDA,USD
1682914492475.0,358,B,10000.0,0.80541,LMDA,USD
1683033864625.0,2585,S,8000.0,0.797075,LMDA,USD
1682921242775.0,483,B,5000.0,0.8080550000000001,LMDA,USD
1682896468775.0,10,B,4000.0,0.800975,LMDA,USD
1683007285275.0,2122,S,4000.0,0.798235,LMDA,USD
1682986583875.0,1730,B,3000.0,0.7972549999999999,LMDA,USD
1682921183425.0,473,B,10000.0,0.807975,LMDA,USD
1682999770325.0,2003,S,1000.0,0.79777,LMDA,USD
1682943159875.0,871,S,7000.0,0.802625,LMDA,USD
1683043017325.0,2738,S,1000.0,0.7954249999999999,LMDA,USD
1682987095550.0,1736,B,9000.0,0.797955,LMDA,USD
1682903564125.0,170,B,5000.0,0.7979550000000001,LMDA,USD
1682933916875.0,697,S,3000.0,0.803645,LMDA,USD
1683033403950.0,2572,S,1000.0,0.798035,LMDA,USD
1683041419425.0,2708,S,8000.0,0.7968000000000001,LMDA,USD
1682944695575.0,890,S,4000.0,0.803385,LMDA,USD
1683019945775.0,2335,B,1000.0,0.793845,LMDA,USD
1682898373350.0,36,B,7000.0,0.800075,LMDA,USD
1682928925825.0,634,S,3000.0,0.805965,LMDA,USD
1682929787375.0,654,S,7000.0,0.804955,LMDA,USD
1682922237825.0,493,S,6000.0,0.80744,LMDA,USD
1682923178425.0,519,S,3000.0,0.80861,LMDA,USD
1682904483050.0,192,B,6000.0,0.79741,LMDA,USD
1682992571975.0,1864,B,7000.0,0.797255,LMDA,USD
1682935417725.0,719,B,10000.0,0.801645,LMDA,USD
1682956634650.0,1157,S,6000.0,0.797565,LMDA,USD
1683035726625.0,2633,S,10000.0,0.798665,LMDA,USD
1682899545025.0,76,B,5000.0,0.79868,LMDA,USD
1682909539975.0,272,S,5000.0,0.801235,LMDA,USD
1682918091175.0,411,B,3000.0,0.80732,LMDA,USD
1682915931350.0,386,B,4000.0,0.807785,LMDA,USD
1682981628025.0,1636,S,7000.0,0.7938750000000001,LMDA,USD
1683017325550.0,2308,B,4000.0,0.792045,LMDA,USD
1683065467250.0,3117,B,6000.0,0.800775,LMDA,USD
1682903533750.0,167,B,6000.0,0.798065,LMDA,USD
1682987341650.0,1745,B,3000.0,0.7986749999999999,LMDA,USD
1682947154475.0,935,S,3000.0,0.803635,LMDA,USD
1682919780725.0,453,S,9000.0,0.807585,LMDA,USD
1682944695350.0,889,S,9000.0,0.803405,LMDA,USD
1682963881650.0,1280,S,5000.0,0.79368,LMDA,USD
1683068007175.0,3151,B,2000.0,0.802565,LMDA,USD
1682977063950.0,1553,B,4000.0,0.791585,LMDA,USD
1682979969975.0,1622,B,8000.0,0.79222,LMDA,USD
1683043283375.0,2743,B,10000.0,0.7949250000000001,LMDA,USD
1682972037975.0,1416,S,4000.0,0.791655,LMDA,USD
1682920452675.0,469,B,6000.0,0.808095,LMDA,USD
1683065861725.0,3124,S,10000.0,0.801555,LMDA,USD
1682924605825.0,541,S,3000.0,0.8078700000000001,LMDA,USD
1683037597875.0,2667,B,10000.0,0.799725,LMDA,USD
1683027372775.0,2468,S,3000.0,0.7951550000000001,LMDA,USD
1683034054750.0,2588,S,4000.0,0.796795,LMDA,USD
1682934905450.0,714,B,9000.0,0.802455,LMDA,USD
1682933524250.0,693,B,4000.0,0.803335,LMDA,USD
1683037231950.0,2656,S,1000.0,0.798865,LMDA,USD
1682955577325.0,1130,B,9000.0,0.7980250000000001,LMDA,USD
1682973092325.0,1451,B,7000.0,0.7921699999999999,LMDA,USD
1682899077450.0,70,B,10000.0,0.79807,LMDA,USD
1683019807425.0,2334,S,6000.0,0.793285,LMDA,USD
1683062349325.0,3075,S,10000.0,0.8006,LMDA,USD
1683055812925.0,2954,B,7000.0,0.79701,LMDA,USD
1682907331825.0,234,S,4000.0,0.7996800000000001,LMDA,USD
1682935959325.0,729,B,4000.0,0.8019550000000001,LMDA,USD
1683023274150.0,2406,B,7000.0,0.794795,LMDA,USD
1682904384525.0,188,S,1000.0,0.7972800000000001,LMDA,USD
1682901142225.0,112,B,5000.0,0.796955,LMDA,USD
1683039887475.0,2688,B,2000.0,0.79714,LMDA,USD
1682902257175.0,126,B,10000.0,0.79775,LMDA,USD
1682999147575.0,1988,B,2000.0,0.797805,LMDA,USD
1682966892075.0,1329,B,3000.0,0.7925500000000001,LMDA,USD
1682898822350.0,48,B,10000.0,0.7991349999999999,LMDA,USD
1682963699325.0,1277,S,6000.0,0.79315,LMDA,USD
1682950804575.0,1028,S,10000.0,0.8003750000000001,LMDA,USD
1682974653575.0,1476,B,10000.0,0.7929550000000001,LMDA,USD
1682925841475.0,572,S,6000.0,0.805655,LMDA,USD
1683047600025.0,2823,B,3000.0,0.799655,LMDA,USD
1682950441625.0,1014,B,4000.0,0.8007650000000001,LMDA,USD
1682956403125.0,1153,B,3000.0,0.7981050000000001,LMDA,USD
1683022480175.0,2389,S,4000.0,0.794205,LMDA,USD
1682978186975.0,1579,B,2000.0,0.79201,LMDA,USD
1682936620225.0,745,S,2000.0,0.801355,LMDA,USD
1683004476025.0,2078,S,10000.0,0.79827,LMDA,USD
1683064823775.0,3107,S,8000.0,0.79964,LMDA,USD
1682945043775.0,900,B,9000.0,0.8039850000000001,LMDA,USD
1683029455175.0,2492,S,1000.0,0.796085,LMDA,USD
1683028847075.0,2479,B,7000.0,0.795575,LMDA,USD
1682982462375.0,1664,S,4000.0,0.795435,LMDA,USD
1682899077375.0,69,B,9000.0,0.79806,LMDA,USD
1682952707125.0,1060,B,8000.0,0.7991999999999999,LMDA,USD
1682896311950.0,9,S,8000.0,0.8003650000000001,LMDA,USD
1682959997650.0,1209,S,5000.0,0.79588,LMDA,USD
1682992230050.0,1855,S,8000.0,0.796285,LMDA,USD
1682899007950.0,62,B,1000.0,0.7985599999999999,LMDA,USD
1683007379575.0,2127,B,5000.0,0.798385,LMDA,USD
1682906877825.0,229,B,3000.0,0.79857,LMDA,USD
1683039499075.0,2684,B,1000.0,0.7978099999999999,LMDA,USD
1683021499725.0,2369,B,1000.0,0.7947350000000001,LMDA,USD
1683002769675.0,2049,S,6000.0,0.7987449999999999,LMDA,USD
1682920950775.0,472,S,1000.0,0.808425,LMDA,USD
1682972071575.0,1418,S,6000.0,0.791645,LMDA,USD
1682931713725.0,672,B,3000.0,0.8026150000000001,LMDA,USD
1682962460525.0,1257,S,4000.0,0.793365,LMDA,USD
1683016913275.0,2294,S,4000.0,0.792475,LMDA,USD
1682955843250.0,1141,B,1000.0,0.7973750000000001,LMDA,USD
1682911778725.0,314,S,5000.0,0.803715,LMDA,USD
1683049131150.0,2839,S,3000.0,0.79825,LMDA,USD
1683010350350.0,2185,B,5000.0,0.7946099999999999,LMDA,USD
1683019095375.0,2331,B,2000.0,0.7931750000000001,LMDA,USD
1682919209525.0,436,B,3000.0,0.80586,LMDA,USD
1683035245125.0,2620,S,5000.0,0.798465,LMDA,USD
1682940951925.0,834,B,5000.0,0.8023450000000001,LMDA,USD
1682914231475.0,349,B,5000.0,0.80528,LMDA,USD
1683058872675.0,3015,S,8000.0,0.7995500000000001,LMDA,USD
1682904237775.0,184,S,5000.0,0.79742,LMDA,USD
1682993329725.0,1879,B,8000.0,0.79666,LMDA,USD
1683040350525.0,2694,B,8000.0,0.7968299999999999,LMDA,USD
1683049086425.0,2837,S,9000.0,0.79822,LMDA,USD
1683056205475.0,2964,B,7000.0,0.79835,LMDA,USD
1682928175975.0,619,B,5000.0,0.8076150000000001,LMDA,USD
1683042245725.0,2728,B,9000.0,0.795455,LMDA,USD
1682980793525.0,1629,B,4000.0,0.7939700000000001,LMDA,USD
1682978786950.0,1598,S,1000.0,0.790295,LMDA,USD
1682988879575.0,1778,S,8000.0,0.79676,LMDA,USD
1683032016950.0,2552,B,10000.0,0.798265,LMDA,USD
1682945115450.0,904,B,7000.0,0.804095,LMDA,USD
1682897876150.0,28,B,9000.0,0.8002049999999999,LMDA,USD
1683060158125.0,3033,B,10000.0,0.800195,LMDA,USD
1683056205225.0,2963,B,10000.0,0.79834,LMDA,USD
1682973055275.0,1449,B,8000.0,0.7921699999999999,LMDA,USD
1683007055650.0,2118,B,1000.0,0.7989750000000001,LMDA,USD
1683046432175.0,2794,B,7000.0,0.79772,LMDA,USD
1682959928950.0,1206,B,10000.0,0.79594,LMDA,USD
1683009875925.0,2176,S,3000.0,0.7950400000000001,LMDA,USD
1682922238050.0,495,S,1000.0,0.80742,LMDA,USD
1683000401575.0,2018,B,7000.0,0.79958,LMDA,USD
1682965500250.0,1308,B,8000.0,0.793175,LMDA,USD
1683004475725.0,2077,S,1000.0,0.7982899999999999,LMDA,USD
1682941214175.0,849,B,4000.0,0.802655,LMDA,USD
1683010350275.0,2184,B,9000.0,0.7945899999999999,LMDA,USD
1683044765050.0,2773,S,9000.0,0.79582,LMDA,USD
1682950703325.0,1022,S,3000.0,0.800615,LMDA,USD
1683066876525.0,3137,B,10000.0,0.8020400000000001,LMDA,USD
1683046774825.0,2810,S,8000.0,0.79828,LMDA,USD
1683050994825.0,2874,B,9000.0,0.796155,LMDA,USD
1682959387375.0,1200,S,5000.0,0.7975099999999999,LMDA,USD
1683014961650.0,2262,B,9000.0,0.793185,LMDA,USD
1683045944525.0,2787,S,4000.0,0.79716,LMDA,USD
1683035144225.0,2617,S,9000.0,0.798395,LMDA,USD
1682903865625.0,175,S,1000.0,0.797565,LMDA,USD
1682951378125.0,1040,S,1000.0,0.798785,LMDA,USD
1682944167550.0,881,S,6000.0,0.803305,LMDA,USD
1683008870175.0,2146,S,7000.0,0.79715,LMDA,USD
1683020246725.0,2337,S,8000.0,0.794085,LMDA,USD
1682908158725.0,250,S,6000.0,0.80146,LMDA,USD
1683042061075.0,2717,S,5000.0,0.795575,LMDA,USD
1682907164575.0,232,S,9000.0,0.7995,LMDA,USD
1682953960150.0,1088,S,1000.0,0.7985500000000001,LMDA,USD
1682976667875.0,1538,S,5000.0,0.7914749999999999,LMDA,USD
1682908772975.0,259,B,7000.0,0.801695,LMDA,USD
1682900336250.0,97,S,10000.0,0.796855,LMDA,USD
1683016966625.0,2297,B,4000.0,0.792745,LMDA,USD
1683053884250.0,2912,S,3000.0,0.79592,LMDA,USD
1683054969250.0,2936,S,3000.0,0.7973450000000001,LMDA,USD
1683030221350.0,2513,S,8000.0,0.797195,LMDA,USD
1683041539350.0,2711,B,3000.0,0.79674,LMDA,USD
1682958047650.0,1184,B,10000.0,0.7980750000000001,LMDA,USD
1682972810975.0,1439,S,2000.0,0.79207,LMDA,USD
1682997001625.0,1936,S,7000.0,0.7956599999999999,LMDA,USD
1682947851950.0,950,B,1000.0,0.8033750000000001,LMDA,USD
1683031788325.0,2548,S,6000.0,0.7981550000000001,LMDA,USD
1682981020350.0,1632,S,8000.0,0.793575,LMDA,USD
1683050670525.0,2866,B,5000.0,0.79586,LMDA,USD
1682935947675.0,728,B,6000.0,0.801845,LMDA,USD
1683017180775.0,2307,S,5000.0,0.791915,LMDA,USD
1682955789225.0,1137,S,3000.0,0.7972049999999999,LMDA,USD
1682977055975.0,1550,B,7000.0,0.7915949999999999,LMDA,USD
1683029920425.0,2505,B,1000.0,0.796875,LMDA,USD
1682964204675.0,1299,B,8000.0,0.79355,LMDA,USD
1682955948475.0,1150,B,5000.0,0.797575,LMDA,USD
1682907978875.0,242,S,1000.0,0.80133,LMDA,USD
1683048639675.0,2829,B,6000.0,0.798755,LMDA,USD
1683017180575.0,2305,S,4000.0,0.7919350000000001,LMDA,USD
1683020744225.0,2357,B,8000.0,0.7947850000000001,LMDA,USD
1683021005150.0,2363,S,8000.0,0.794485,LMDA,USD
1682939683350.0,800,S,7000.0,0.802605,LMDA,USD
1682957435825.0,1172,B,4000.0,0.7969050000000001,LMDA,USD
1682963212050.0,1269,S,9000.0,0.79238,LMDA,USD
1682915711375.0,380,B,3000.0,0.806905,LMDA,USD
1683006271275.0,2107,B,8000.0,0.798695,LMDA,USD
1682952674250.0,1057,S,10000.0,0.79905,LMDA,USD
1683040598025.0,2696,B,3000.0,0.7970799999999999,LMDA,USD
1682978839825.0,1602,S,3000.0,0.7898449999999999,LMDA,USD
1682912126525.0,326,B,2000.0,0.803875,LMDA,USD
1682944824325.0,893,B,4000.0,0.803825,LMDA,USD
1683009556025.0,2171,S,1000.0,0.7958000000000001,LMDA,USD
1683056163350.0,2962,B,7000.0,0.79794,LMDA,USD
1682945043625.0,899,B,10000.0,0.803965,LMDA,USD
1683029789175.0,2500,B,2000.0,0.796355,LMDA,USD
1683064989950.0,3109,B,10000.0,0.80023,LMDA,USD
1682944730950.0,892,B,8000.0,0.8035650000000001,LMDA,USD
1682895887350.0,1,S,2000.0,0.8001950000000001,LMDA,USD
1682957209825.0,1167,S,8000.0,0.797385,LMDA,USD
1683050127425.0,2854,S,10000.0,0.79656,LMDA,USD
1682909566575.0,274,B,2000.0,0.801665,LMDA,USD
1683041326275.0,2707,B,10000.0,0.79672,LMDA,USD
1682969121625.0,1368,B,3000.0,0.791035,LMDA,USD
1682914206575.0,345,B,10000.0,0.80496,LMDA,USD
1683014022450.0,2238,S,8000.0,0.793535,LMDA,USD
1683052045125.0,2888,B,4000.0,0.794975,LMDA,USD
1682927529750.0,600,S,3000.0,0.807855,LMDA,USD
1683034054925.0,2589,S,5000.0,0.796775,LMDA,USD
1682985275075.0,1704,S,8000.0,0.7965749999999999,LMDA,USD
1682960130250.0,1212,S,9000.0,0.7955099999999999,LMDA,USD
1682943680475.0,875,B,5000.0,0.804185,LMDA,USD
1682966160275.0,1322,B,6000.0,0.7925000000000001,LMDA,USD
1682899718775.0,87,S,5000.0,0.7979700000000001,LMDA,USD
1682997228275.0,1946,B,6000.0,0.79596,LMDA,USD
1682935356625.0,717,S,3000.0,0.801795,LMDA,USD
1683066636175.0,3135,B,6000.0,0.80125,LMDA,USD
1683041238125.0,2704,B,5000.0,0.79669,LMDA,USD
1682999788850.0,2004,S,10000.0,0.79778,LMDA,USD
1682899076950.0,67,B,7000.0,0.79803,LMDA,USD
1682929373775.0,648,S,2000.0,0.8051550000000001,LMDA,USD
1683035125050.0,2615,B,8000.0,0.798355,LMDA,USD
1682967629375.0,1340,S,8000.0,0.7919799999999999,LMDA,USD
1683037695225.0,2670,S,2000.0,0.799575,LMDA,USD
1682918676750.0,426,S,1000.0,0.8053199999999999,LMDA,USD
1683023739450.0,2410,S,1000.0,0.793695,LMDA,USD
1683037694475.0,2668,S,2000.0,0.799605,LMDA,USD
1682920346325.0,460,B,3000.0,0.8079550000000001,LMDA,USD
1682910817050.0,289,B,6000.0,0.80244,LMDA,USD
1682896490650.0,11,S,2000.0,0.8003950000000001,LMDA,USD
1683067206675.0,3146,B,7000.0,0.80188,LMDA,USD
1682953389150.0,1077,S,5000.0,0.79952,LMDA,USD
1682902898350.0,150,S,9000.0,0.798025,LMDA,USD
1682940177450.0,812,B,4000.0,0.802555,LMDA,USD
1682963315675.0,1270,B,10000.0,0.7926099999999999,LMDA,USD
1682956860475.0,1160,B,3000.0,0.797795,LMDA,USD
1682900089075.0,95,B,5000.0,0.7981199999999999,LMDA,USD
1683022883325.0,2394,B,3000.0,0.7959550000000001,LMDA,USD
1683014667325.0,2254,B,3000.0,0.792875,LMDA,USD
1683012908950.0,2214,B,10000.0,0.7950550000000001,LMDA,USD
1683054969525.0,2939,S,3000.0,0.7972950000000001,LMDA,USD
1682947000550.0,928,B,10000.0,0.804035,LMDA,USD
1683016847050.0,2293,S,3000.0,0.7929350000000001,LMDA,USD
1683060881950.0,3049,B,3000.0,0.8008850000000001,LMDA,USD
1683035772575.0,2635,S,8000.0,0.798625,LMDA,USD
1682971787775.0,1413,B,7000.0,0.792595,LMDA,USD
1683026884225.0,2451,S,3000.0,0.794745,LMDA,USD
1682920347025.0,463,B,4000.0,0.808015,LMDA,USD
1682975644750.0,1503,B,2000.0,0.79368,LMDA,USD
1683043899175.0,2756,B,4000.0,0.7955350000000001,LMDA,USD
1683050557550.0,2864,S,3000.0,0.79588,LMDA,USD
1682954890250.0,1112,B,7000.0,0.7983,LMDA,USD
1682939518075.0,798,B,1000.0,0.803045,LMDA,USD
1682998339575.0,1967,S,9000.0,0.796315,LMDA,USD
1682948967150.0,972,S,9000.0,0.802285,LMDA,USD
1682911781250.0,315,S,3000.0,0.8036249999999999,LMDA,USD
1682938945775.0,786,S,3000.0,0.802185,LMDA,USD
1682970671775.0,1397,B,5000.0,0.79158,LMDA,USD
1683035499975.0,2631,B,4000.0,0.798775,LMDA,USD
1682957208725.0,1164,S,2000.0,0.797415,LMDA,USD
1682975039850.0,1488,B,10000.0,0.79309,LMDA,USD
1682931773525.0,673,S,5000.0,0.802015,LMDA,USD
1682953243650.0,1075,S,10000.0,0.79966,LMDA,USD
1682970233950.0,1384,S,3000.0,0.79113,LMDA,USD
1682902004550.0,124,B,4000.0,0.79722,LMDA,USD
1682997891850.0,1957,B,7000.0,0.795135,LMDA,USD
1683037539750.0,2663,B,3000.0,0.799505,LMDA,USD
1683006819225.0,2112,S,6000.0,0.798305,LMDA,USD
1682935947550.0,727,B,3000.0,0.801825,LMDA,USD
1682948864750.0,969,B,5000.0,0.802685,LMDA,USD
1682950703075.0,1021,S,5000.0,0.800635,LMDA,USD
1682990812950.0,1829,B,1000.0,0.7957299999999999,LMDA,USD
1682975181825.0,1494,S,3000.0,0.7924,LMDA,USD
1683035424450.0,2624,B,8000.0,0.798675,LMDA,USD
1682980230150.0,1624,S,4000.0,0.79203,LMDA,USD
1683043444225.0,2751,S,4000.0,0.794215,LMDA,USD
1682980544625.0,1628,S,6000.0,0.79296,LMDA,USD
1682928199875.0,624,S,4000.0,0.807485,LMDA,USD
1682982097550.0,1652,S,8000.0,0.796045,LMDA,USD
1683020247175.0,2340,S,6000.0,0.794045,LMDA,USD
1682990228075.0,1825,S,8000.0,0.794665,LMDA,USD
1682987279975.0,1742,B,9000.0,0.7986049999999999,LMDA,USD
1682976033525.0,1517,B,7000.0,0.79279,LMDA,USD
1682943280650.0,873,S,8000.0,0.802785,LMDA,USD
1683027685775.0,2472,S,6000.0,0.794365,LMDA,USD
1683009431175.0,2165,S,3000.0,0.79625,LMDA,USD
1683031423075.0,2544,B,1000.0,0.798755,LMDA,USD
1682922074225.0,492,S,6000.0,0.8077500000000001,LMDA,USD
1683055909075.0,2958,B,3000.0,0.79756,LMDA,USD
1682986702525.0,1732,B,3000.0,0.797295,LMDA,USD
1682954616575.0,1108,B,4000.0,0.7982699999999999,LMDA,USD
1682901911475.0,122,S,10000.0,0.79679,LMDA,USD
1683020581475.0,2351,B,7000.0,0.794385,LMDA,USD
1682997891775.0,1956,B,9000.0,0.795125,LMDA,USD
1683042245450.0,2727,B,4000.0,0.7954450000000001,LMDA,USD
1683030221125.0,2512,S,9000.0,0.797215,LMDA,USD
1683055812550.0,2952,B,3000.0,0.79697,LMDA,USD
1682978188925.0,1587,B,5000.0,0.79213,LMDA,USD
1683023541250.0,2409,B,3000.0,0.7939350000000001,LMDA,USD
1683030742575.0,2521,B,10000.0,0.7982750000000001,LMDA,USD
1682962370625.0,1253,S,6000.0,0.793885,LMDA,USD
1683061623925.0,3069,B,1000.0,0.80078,LMDA,USD
1683035132075.0,2616,B,7000.0,0.798505,LMDA,USD
1682962062350.0,1248,S,2000.0,0.793945,LMDA,USD
1682966140325.0,1320,S,3000.0,0.7923899999999999,LMDA,USD
1683022313775.0,2382,S,4000.0,0.793755,LMDA,USD
1682987700750.0,1757,B,9000.0,0.799315,LMDA,USD
1683039182425.0,2678,S,6000.0,0.79718,LMDA,USD
1683034635375.0,2606,B,10000.0,0.797255,LMDA,USD
1682986583550.0,1729,B,4000.0,0.797245,LMDA,USD
1683060157950.0,3032,B,3000.0,0.8001750000000001,LMDA,USD
1682992572250.0,1865,B,8000.0,0.797265,LMDA,USD
1682899544875.0,75,B,2000.0,0.7986599999999999,LMDA,USD
1682986279925.0,1721,B,5000.0,0.79674,LMDA,USD
1682976033975.0,1519,B,8000.0,0.79283,LMDA,USD
1682901576825.0,117,S,3000.0,0.7972899999999999,LMDA,USD
1683042047225.0,2715,B,9000.0,0.7956350000000001,LMDA,USD
1683051528625.0,2883,S,1000.0,0.7946249999999999,LMDA,USD
1682965352275.0,1306,S,6000.0,0.792635,LMDA,USD
1683058029650.0,2997,B,8000.0,0.796825,LMDA,USD
1683042876325.0,2737,S,6000.0,0.795475,LMDA,USD
1682900708075.0,106,S,4000.0,0.797075,LMDA,USD
1683047462075.0,2819,B,6000.0,0.7994049999999999,LMDA,USD
1682902593575.0,139,S,5000.0,0.79855,LMDA,USD
1682968242725.0,1355,B,1000.0,0.791185,LMDA,USD
1682976863325.0,1544,S,9000.0,0.791745,LMDA,USD
1682986578275.0,1726,S,10000.0,0.796725,LMDA,USD
1683024060125.0,2415,S,8000.0,0.793075,LMDA,USD
1683036433525.0,2640,S,3000.0,0.799475,LMDA,USD
1683000656750.0,2028,B,6000.0,0.79959,LMDA,USD
1682968680050.0,1360,B,8000.0,0.790285,LMDA,USD
1683005709150.0,2098,B,4000.0,0.79838,LMDA,USD
1682992542025.0,1858,B,7000.0,0.796905,LMDA,USD
1683050241650.0,2856,S,8000.0,0.79644,LMDA,USD
1682991540875.0,1836,B,6000.0,0.7956799999999999,LMDA,USD
1682944185675.0,882,S,5000.0,0.8033250000000001,LMDA,USD
1683035124950.0,2614,B,3000.0,0.7983450000000001,LMDA,USD
1682966044150.0,1317,B,9000.0,0.792485,LMDA,USD
1683062073975.0,3073,B,10000.0,0.80064,LMDA,USD
1683030783250.0,2525,B,1000.0,0.798465,LMDA,USD
1683035423925.0,2623,B,4000.0,0.7986650000000001,LMDA,USD
1682969345750.0,1372,S,6000.0,0.791085,LMDA,USD
1682909222575.0,266,B,8000.0,0.802075,LMDA,USD
1683061623425.0,3066,B,9000.0,0.80073,LMDA,USD
1682967117725.0,1331,B,8000.0,0.79188,LMDA,USD
1683036435050.0,2645,S,4000.0,0.799405,LMDA,USD
1683020594975.0,2353,B,1000.0,0.794525,LMDA,USD
1682927773250.0,611,B,7000.0,0.807165,LMDA,USD
1683047445625.0,2816,S,9000.0,0.799295,LMDA,USD
1682941184050.0,840,S,3000.0,0.802065,LMDA,USD
1683057655575.0,2988,S,2000.0,0.797075,LMDA,USD
1682923663750.0,526,B,9000.0,0.80919,LMDA,USD
1682915712050.0,382,B,2000.0,0.806935,LMDA,USD
1682986583475.0,1728,B,1000.0,0.797225,LMDA,USD
1682908158650.0,249,S,1000.0,0.80148,LMDA,USD
1682983538950.0,1680,B,4000.0,0.7969,LMDA,USD
1682989460125.0,1791,B,10000.0,0.7964150000000001,LMDA,USD
1682904482750.0,191,B,8000.0,0.7973899999999999,LMDA,USD
1682979969850.0,1621,B,1000.0,0.7922100000000001,LMDA,USD
1682938767575.0,785,B,2000.0,0.802675,LMDA,USD
1682989090075.0,1789,B,7000.0,0.7961550000000001,LMDA,USD
1682947755025.0,944,S,8000.0,0.803275,LMDA,USD
1683022296025.0,2374,S,5000.0,0.793785,LMDA,USD
1682945115325.0,903,B,5000.0,0.804075,LMDA,USD
1682961909250.0,1243,B,7000.0,0.794395,LMDA,USD
1682925034650.0,548,S,5000.0,0.80696,LMDA,USD
1682924171975.0,530,S,9000.0,0.8093,LMDA,USD
1682909567325.0,276,B,9000.0,0.801695,LMDA,USD
1682933032475.0,688,B,8000.0,0.802945,LMDA,USD
1682929570550.0,649,B,8000.0,0.8054250000000001,LMDA,USD
1682902536450.0,130,S,7000.0,0.79868,LMDA,USD
1683046224175.0,2792,B,2000.0,0.79725,LMDA,USD
1682998536425.0,1980,S,5000.0,0.796805,LMDA,USD
1682986258475.0,1717,B,1000.0,0.79658,LMDA,USD
1682938757875.0,783,S,1000.0,0.802695,LMDA,USD
1682928176175.0,621,B,7000.0,0.807655,LMDA,USD
1682950804825.0,1030,S,3000.0,0.800335,LMDA,USD
1682974446675.0,1466,B,1000.0,0.792155,LMDA,USD
1683005509850.0,2094,B,9000.0,0.79851,LMDA,USD
1682965256575.0,1305,S,8000.0,0.792615,LMDA,USD
1683049050975.0,2833,S,1000.0,0.79865,LMDA,USD
1682985104325.0,1702,B,2000.0,0.797175,LMDA,USD
1682925102225.0,551,B,3000.0,0.80692,LMDA,USD
1682972880050.0,1442,S,7000.0,0.79166,LMDA,USD
1682957054450.0,1163,S,3000.0,0.797895,LMDA,USD
1683048420475.0,2828,B,7000.0,0.7993049999999999,LMDA,USD
1682930885425.0,668,S,2000.0,0.803035,LMDA,USD
1683054969025.0,2934,S,10000.0,0.797385,LMDA,USD
1682942842975.0,867,B,6000.0,0.802895,LMDA,USD
1682966665575.0,1328,B,8000.0,0.793,LMDA,USD
1683052001950.0,2885,S,5000.0,0.7947449999999999,LMDA,USD
1682976033850.0,1518,B,9000.0,0.79281,LMDA,USD
1682977527650.0,1564,S,9000.0,0.79135,LMDA,USD
1682992230125.0,1856,S,10000.0,0.7962750000000001,LMDA,USD
1682931832475.0,676,S,9000.0,0.801885,LMDA,USD
1683031341975.0,2540,B,9000.0,0.7983950000000001,LMDA,USD
1683068174375.0,3154,B,2000.0,0.802995,LMDA,USD
1683055222450.0,2948,B,8000.0,0.798085,LMDA,USD
1682974491825.0,1468,B,4000.0,0.7923650000000001,LMDA,USD
1682899608350.0,80,B,4000.0,0.7987099999999999,LMDA,USD
1682972760250.0,1433,B,10000.0,0.7920799999999999,LMDA,USD
1682963786150.0,1278,S,3000.0,0.79323,LMDA,USD
1682929061925.0,639,S,6000.0,0.805555,LMDA,USD
1682918101825.0,413,S,9000.0,0.80709,LMDA,USD
1682949873725.0,1010,S,7000.0,0.801515,LMDA,USD
1682968005650.0,1345,S,4000.0,0.792085,LMDA,USD
1682932975450.0,684,S,4000.0,0.802745,LMDA,USD
1683014667050.0,2253,B,1000.0,0.792865,LMDA,USD
1682916211975.0,389,S,9000.0,0.807885,LMDA,USD
1682955450450.0,1122,S,9000.0,0.79812,LMDA,USD
1682931713650.0,671,B,4000.0,0.802605,LMDA,USD
1682961909625.0,1245,B,8000.0,0.794435,LMDA,USD
1682989932625.0,1814,S,10000.0,0.795055,LMDA,USD
1682958087050.0,1187,S,8000.0,0.797835,LMDA,USD
1683027112550.0,2464,B,8000.0,0.795015,LMDA,USD
1682978901925.0,1607,B,3000.0,0.790105,LMDA,USD
1683058124250.0,2999,B,9000.0,0.797555,LMDA,USD
1683017339750.0,2310,S,6000.0,0.791995,LMDA,USD
1682897876850.0,30,B,4000.0,0.8002349999999999,LMDA,USD
1682966364225.0,1326,S,10000.0,0.79262,LMDA,USD
1683005382150.0,2091,S,1000.0,0.79786,LMDA,USD
1682907332050.0,236,S,1000.0,0.79965,LMDA,USD
1682956634475.0,1155,S,4000.0,0.7975949999999999,LMDA,USD
1683023834475.0,2411,S,4000.0,0.793655,LMDA,USD
1682987279575.0,1740,B,5000.0,0.7985749999999999,LMDA,USD
1683065818625.0,3122,B,9000.0,0.801655,LMDA,USD
1682934311050.0,706,B,5000.0,0.803625,LMDA,USD
1682919208750.0,434,B,4000.0,0.80583,LMDA,USD
1683004038350.0,2068,B,5000.0,0.79745,LMDA,USD
1682905010575.0,200,B,3000.0,0.7974699999999999,LMDA,USD
1682940034375.0,806,B,6000.0,0.8025650000000001,LMDA,USD
1683045944825.0,2788,S,9000.0,0.79714,LMDA,USD
1683031422825.0,2543,B,8000.0,0.7987350000000001,LMDA,USD
1682924799450.0,546,S,6000.0,0.80769,LMDA,USD
1682962460475.0,1256,S,4000.0,0.793385,LMDA,USD
1683015404050.0,2272,B,10000.0,0.7928350000000001,LMDA,USD
1683058649325.0,3008,B,4000.0,0.799575,LMDA,USD
1683058800850.0,3011,B,5000.0,0.79962,LMDA,USD
1682921396325.0,486,B,3000.0,0.808215,LMDA,USD
1682989626625.0,1794,B,6000.0,0.7965650000000001,LMDA,USD
1682959997525.0,1208,S,6000.0,0.7958999999999999,LMDA,USD
1682907136075.0,231,S,2000.0,0.79914,LMDA,USD
1683025999825.0,2437,S,2000.0,0.794955,LMDA,USD
1683011929150.0,2202,B,5000.0,0.7939050000000001,LMDA,USD
1683066833250.0,3136,S,9000.0,0.80185,LMDA,USD
1682989661950.0,1797,S,1000.0,0.796335,LMDA,USD
1683014453250.0,2244,S,3000.0,0.792685,LMDA,USD
1683042079575.0,2721,B,7000.0,0.795625,LMDA,USD
1682969345550.0,1371,S,4000.0,0.7911050000000001,LMDA,USD
1683015812375.0,2278,S,10000.0,0.7922750000000001,LMDA,USD
1683049086025.0,2834,S,2000.0,0.79828,LMDA,USD
1683032726675.0,2558,S,4000.0,0.7974950000000001,LMDA,USD
1682967629650.0,1341,S,9000.0,0.79197,LMDA,USD
1682979868075.0,1617,B,5000.0,0.79193,LMDA,USD
1682924606775.0,544,S,4000.0,0.8078200000000001,LMDA,USD
1682976863250.0,1543,S,1000.0,0.7917649999999999,LMDA,USD
1682940197475.0,816,B,6000.0,0.8028850000000001,LMDA,USD
1682940373350.0,821,B,4000.0,0.8028350000000001,LMDA,USD
1683010236125.0,2183,S,5000.0,0.7945800000000001,LMDA,USD
1683060158450.0,3034,B,5000.0,0.800205,LMDA,USD
1682995233150.0,1913,B,7000.0,0.796345,LMDA,USD
1683062548375.0,3086,S,2000.0,0.80042,LMDA,USD
1682963315775.0,1271,B,5000.0,0.79263,LMDA,USD
1682982738750.0,1671,S,5000.0,0.7955450000000001,LMDA,USD
1683001130075.0,2032,B,5000.0,0.8004899999999999,LMDA,USD
1683061178875.0,3060,B,2000.0,0.800585,LMDA,USD
1683047019875.0,2813,S,5000.0,0.798465,LMDA,USD
1682905010950.0,201,B,4000.0,0.79748,LMDA,USD
1683037698025.0,2671,B,1000.0,0.799725,LMDA,USD
1683060373025.0,3040,S,1000.0,0.800355,LMDA,USD
1682946620550.0,924,B,9000.0,0.804845,LMDA,USD
1682943027675.0,868,S,8000.0,0.802755,LMDA,USD
1682951311850.0,1037,S,6000.0,0.7991050000000001,LMDA,USD
1683061761775.0,3071,B,1000.0,0.80123,LMDA,USD
1682936006475.0,736,S,2000.0,0.8015950000000001,LMDA,USD
1683034333850.0,2594,S,3000.0,0.7962750000000001,LMDA,USD
1682968005775.0,1346,S,3000.0,0.792065,LMDA,USD
1683009038625.0,2147,B,7000.0,0.7968299999999999,LMDA,USD
1683066497375.0,3131,S,9000.0,0.8005399999999999,LMDA,USD
1683060146050.0,3029,S,10000.0,0.799635,LMDA,USD
1682955480475.0,1125,B,5000.0,0.7982199999999999,LMDA,USD
1682971008725.0,1401,B,8000.0,0.7924450000000001,LMDA,USD
1683009354075.0,2160,B,1000.0,0.7968799999999999,LMDA,USD
1683057897775.0,2992,S,10000.0,0.7961550000000001,LMDA,USD
1683037733775.0,2673,S,3000.0,0.799305,LMDA,USD
1682911963050.0,321,S,9000.0,0.8034349999999999,LMDA,USD
1683036434125.0,2643,S,3000.0,0.799435,LMDA,USD
1682972761225.0,1437,B,6000.0,0.7921499999999999,LMDA,USD
1682987684525.0,1755,S,9000.0,0.798995,LMDA,USD
1682975306150.0,1499,B,9000.0,0.79274,LMDA,USD
1682944020725.0,876,S,5000.0,0.804135,LMDA,USD
1682927868625.0,613,B,6000.0,0.8074450000000001,LMDA,USD
1682973987150.0,1463,B,3000.0,0.7917850000000001,LMDA,USD
1682930033850.0,658,S,9000.0,0.803735,LMDA,USD
1683045954350.0,2789,B,7000.0,0.7972400000000001,LMDA,USD
1682982062750.0,1649,B,9000.0,0.796865,LMDA,USD
1682955450250.0,1121,S,9000.0,0.79813,LMDA,USD
1682977901575.0,1570,B,1000.0,0.7924899999999999,LMDA,USD
1682899590025.0,77,S,2000.0,0.79849,LMDA,USD
1682948074625.0,961,B,10000.0,0.803575,LMDA,USD
1683022312350.0,2377,S,6000.0,0.793825,LMDA,USD
1682955892025.0,1143,S,1000.0,0.796855,LMDA,USD
1682947462175.0,941,S,2000.0,0.803285,LMDA,USD
1682917194275.0,402,S,10000.0,0.808105,LMDA,USD
1682975169625.0,1489,S,10000.0,0.7928,LMDA,USD
1682921191575.0,479,B,7000.0,0.8081250000000001,LMDA,USD
1683012910725.0,2221,B,6000.0,0.795145,LMDA,USD
1683062546450.0,3080,S,4000.0,0.80052,LMDA,USD
1682902004450.0,123,B,1000.0,0.79721,LMDA,USD
1682965783675.0,1311,S,9000.0,0.792055,LMDA,USD
1682901365150.0,113,B,2000.0,0.797445,LMDA,USD
1682940390525.0,823,S,9000.0,0.802685,LMDA,USD
1682940034775.0,808,B,3000.0,0.8025950000000001,LMDA,USD
1682951457925.0,1044,B,1000.0,0.798355,LMDA,USD
1682938607150.0,778,S,7000.0,0.802905,LMDA,USD
1683040160225.0,2690,B,9000.0,0.7971999999999999,LMDA,USD
1682946865350.0,926,B,4000.0,0.803895,LMDA,USD
1682911321925.0,303,S,4000.0,0.80312,LMDA,USD
1682955926775.0,1144,B,1000.0,0.797335,LMDA,USD
1683026886125.0,2458,S,10000.0,0.794635,LMDA,USD
1682977901775.0,1572,B,9000.0,0.79252,LMDA,USD
1682918490525.0,420,B,2000.0,0.80515,LMDA,USD
1682956634725.0,1158,S,7000.0,0.797545,LMDA,USD
1683065095750.0,3111,B,5000.0,0.800435,LMDA,USD
1682925553675.0,561,S,10000.0,0.805555,LMDA,USD
1682932623425.0,681,B,8000.0,0.802525,LMDA,USD
1683045742550.0,2781,S,9000.0,0.79772,LMDA,USD
1683008106650.0,2133,B,2000.0,0.797625,LMDA,USD
1682982062675.0,1648,B,9000.0,0.796845,LMDA,USD
1682898373550.0,37,B,3000.0,0.8000849999999999,LMDA,USD
1682939196875.0,791,S,4000.0,0.802755,LMDA,USD
1683036687275.0,2647,S,8000.0,0.799225,LMDA,USD
1682993346050.0,1881,B,2000.0,0.79702,LMDA,USD
1683042501075.0,2733,B,4000.0,0.795595,LMDA,USD
1683009200850.0,2154,S,2000.0,0.7973600000000001,LMDA,USD
1682924466750.0,537,S,8000.0,0.80884,LMDA,USD
1682973012825.0,1448,B,3000.0,0.7916099999999999,LMDA,USD
1683006962225.0,2115,B,7000.0,0.7989550000000001,LMDA,USD
1683017080050.0,2304,B,1000.0,0.792625,LMDA,USD
1682964297925.0,1301,B,4000.0,0.79357,LMDA,USD
1683006249450.0,2105,S,3000.0,0.798405,LMDA,USD
1682967330325.0,1334,S,6000.0,0.79214,LMDA,USD
1683009303575.0,2159,B,7000.0,0.79726,LMDA,USD
1683044765350.0,2774,S,10000.0,0.79581,LMDA,USD
1682916757850.0,394,S,9000.0,0.808495,LMDA,USD
1682965500075.0,1307,B,3000.0,0.7931549999999999,LMDA,USD
1683024668975.0,2417,B,7000.0,0.792725,LMDA,USD
1682989702050.0,1802,B,1000.0,0.7964950000000001,LMDA,USD
1682946223750.0,916,S,8000.0,0.8045450000000001,LMDA,USD
1683003536525.0,2055,B,9000.0,0.797435,LMDA,USD
1683055006975.0,2944,B,10000.0,0.797525,LMDA,USD
1682918102025.0,414,S,3000.0,0.80707,LMDA,USD
1682955577025.0,1129,B,8000.0,0.798015,LMDA,USD
1683066249325.0,3128,S,4000.0,0.80079,LMDA,USD
1682949932350.0,1011,B,3000.0,0.801555,LMDA,USD
1683044764250.0,2770,S,7000.0,0.79586,LMDA,USD
1683046548875.0,2798,S,5000.0,0.79843,LMDA,USD
1683040160150.0,2689,B,3000.0,0.79719,LMDA,USD
1682973371225.0,1454,S,3000.0,0.7917900000000001,LMDA,USD
1683055016275.0,2947,B,7000.0,0.797525,LMDA,USD
1683033403575.0,2570,S,5000.0,0.798075,LMDA,USD
1682940197575.0,817,B,4000.0,0.802905,LMDA,USD
1682918246925.0,419,S,5000.0,0.8058299999999999,LMDA,USD
1682900551575.0,103,S,7000.0,0.797115,LMDA,USD
1682948967950.0,977,S,9000.0,0.8022050000000001,LMDA,USD
1683003246025.0,2052,S,3000.0,0.7974749999999999,LMDA,USD
1683063504475.0,3092,B,5000.0,0.8010649999999999,LMDA,USD
1682922744225.0,507,B,7000.0,0.80892,LMDA,USD
1682954227875.0,1093,B,5000.0,0.7989299999999999,LMDA,USD
1683058825025.0,3012,S,6000.0,0.7994300000000001,LMDA,USD
1683061179425.0,3061,B,5000.0,0.8005950000000001,LMDA,USD
1683062546950.0,3081,S,7000.0,0.8005,LMDA,USD
1682983842350.0,1685,S,8000.0,0.79733,LMDA,USD
1682999399050.0,1997,B,10000.0,0.798195,LMDA,USD
1682926534825.0,582,S,7000.0,0.806955,LMDA,USD
1683053493850.0,2906,B,2000.0,0.7961900000000001,LMDA,USD
1682929570650.0,650,B,9000.0,0.8054450000000001,LMDA,USD
1683016293225.0,2287,B,10000.0,0.792755,LMDA,USD
1682908560825.0,257,B,3000.0,0.801355,LMDA,USD
1682975924375.0,1515,S,7000.0,0.79291,LMDA,USD
1682914981625.0,365,B,3000.0,0.80606,LMDA,USD
1682996551350.0,1922,B,10000.0,0.79652,LMDA,USD
1682928200425.0,626,S,7000.0,0.807455,LMDA,USD
1682931832325.0,675,S,10000.0,0.801905,LMDA,USD
1682994600150.0,1903,S,10000.0,0.79555,LMDA,USD
1682987504425.0,1751,B,3000.0,0.799445,LMDA,USD
1682905518750.0,209,S,1000.0,0.797815,LMDA,USD
1682921330675.0,484,B,10000.0,0.8083450000000001,LMDA,USD
1682960130775.0,1214,S,3000.0,0.79548,LMDA,USD
1683000471350.0,2019,S,3000.0,0.7997000000000001,LMDA,USD
1682918129250.0,415,S,8000.0,0.80675,LMDA,USD
1682954424625.0,1100,S,4000.0,0.79817,LMDA,USD
1682961142525.0,1225,B,7000.0,0.795655,LMDA,USD
1682979320025.0,1612,B,5000.0,0.791495,LMDA,USD
1683019225225.0,2332,S,2000.0,0.792375,LMDA,USD
1682977528175.0,1565,S,3000.0,0.79133,LMDA,USD
1682976667525.0,1537,S,10000.0,0.791495,LMDA,USD
1682934323925.0,709,S,10000.0,0.803585,LMDA,USD
1682925076175.0,550,S,9000.0,0.8067700000000001,LMDA,USD
1682922742650.0,503,B,5000.0,0.80885,LMDA,USD
1683060614675.0,3045,B,2000.0,0.8003250000000001,LMDA,USD
1683061157275.0,3054,S,3000.0,0.800005,LMDA,USD
1683052625725.0,2894,B,5000.0,0.7950400000000001,LMDA,USD
1683002179950.0,2038,B,1000.0,0.800805,LMDA,USD
1683065872325.0,3125,S,5000.0,0.801325,LMDA,USD
1683008480575.0,2140,S,9000.0,0.7975500000000001,LMDA,USD
1683011823625.0,2198,B,6000.0,0.794145,LMDA,USD
1682914206625.0,346,B,9000.0,0.80497,LMDA,USD
1683014527725.0,2247,B,9000.0,0.7924950000000001,LMDA,USD
1682901454050.0,115,B,3000.0,0.79788,LMDA,USD
1682996858775.0,1933,S,9000.0,0.7960699999999999,LMDA,USD
1682920453150.0,470,B,5000.0,0.808115,LMDA,USD
1682951219175.0,1034,S,2000.0,0.799465,LMDA,USD
1683004476350.0,2080,S,5000.0,0.79823,LMDA,USD
1683026886350.0,2460,S,9000.0,0.794605,LMDA,USD
1682969687975.0,1378,S,6000.0,0.79063,LMDA,USD
1683028826375.0,2478,B,9000.0,0.795505,LMDA,USD
1683030783350.0,2526,B,5000.0,0.798485,LMDA,USD
1682914491950.0,356,B,7000.0,0.8053899999999999,LMDA,USD
1683024894150.0,2420,B,10000.0,0.7935650000000001,LMDA,USD
1683002481525.0,2042,B,5000.0,0.799765,LMDA,USD
1683065096075.0,3112,B,4000.0,0.800445,LMDA,USD
1683062545925.0,3076,S,4000.0,0.80057,LMDA,USD
1682951671550.0,1051,B,6000.0,0.798875,LMDA,USD
1683011854275.0,2200,S,1000.0,0.793615,LMDA,USD
1682898459975.0,38,S,9000.0,0.799685,LMDA,USD
1683015056675.0,2268,B,4000.0,0.793425,LMDA,USD
1683009430775.0,2162,S,1000.0,0.79629,LMDA,USD
1682936576350.0,739,S,10000.0,0.801295,LMDA,USD
1682955150150.0,1117,S,5000.0,0.7981,LMDA,USD
1683061623625.0,3068,B,3000.0,0.80076,LMDA,USD
1682921725475.0,490,B,2000.0,0.8078550000000001,LMDA,USD
1683013530150.0,2232,B,10000.0,0.794355,LMDA,USD
1682922868750.0,509,B,4000.0,0.80911,LMDA,USD
1682910816650.0,287,B,1000.0,0.8024100000000001,LMDA,USD
1682974982175.0,1482,B,6000.0,0.79316,LMDA,USD
1683050970775.0,2870,S,8000.0,0.795755,LMDA,USD
1682992734825.0,1872,B,9000.0,0.7972250000000001,LMDA,USD
1683054723575.0,2929,B,8000.0,0.797865,LMDA,USD
1682903533875.0,168,B,10000.0,0.7980750000000001,LMDA,USD
1682981176575.0,1633,B,10000.0,0.793735,LMDA,USD
1682921183975.0,476,B,9000.0,0.808015,LMDA,USD
1682948007025.0,959,S,6000.0,0.803585,LMDA,USD
1683018792425.0,2325,B,6000.0,0.7929550000000001,LMDA,USD
1683040324650.0,2692,B,10000.0,0.79682,LMDA,USD
1682898746950.0,45,B,1000.0,0.799785,LMDA,USD
1682913000575.0,338,B,5000.0,0.8042549999999999,LMDA,USD
1682916771575.0,395,S,6000.0,0.808395,LMDA,USD
1683014536425.0,2250,S,9000.0,0.792285,LMDA,USD
1683042456775.0,2729,S,9000.0,0.795195,LMDA,USD
1683038139350.0,2675,S,4000.0,0.798225,LMDA,USD
1682896730250.0,16,B,4000.0,0.80139,LMDA,USD
1682988947350.0,1783,S,8000.0,0.79645,LMDA,USD
1682916878050.0,397,B,9000.0,0.8081849999999999,LMDA,USD
1683056154825.0,2961,S,1000.0,0.79767,LMDA,USD
1682962370125.0,1251,S,4000.0,0.793905,LMDA,USD
1683031156275.0,2535,B,6000.0,0.798335,LMDA,USD
1682906575225.0,221,S,2000.0,0.798065,LMDA,USD
1683049464450.0,2845,B,5000.0,0.7970499999999999,LMDA,USD
1683012909950.0,2219,B,8000.0,0.7951250000000001,LMDA,USD
1682937374625.0,761,B,3000.0,0.803195,LMDA,USD
1683024006150.0,2412,B,1000.0,0.793755,LMDA,USD
1682990663150.0,1828,S,1000.0,0.7953800000000001,LMDA,USD
1683005509775.0,2093,B,5000.0,0.7985,LMDA,USD
1682927759250.0,608,B,8000.0,0.807145,LMDA,USD
1682938232750.0,770,S,3000.0,0.802265,LMDA,USD
1683008106475.0,2132,B,7000.0,0.797605,LMDA,USD
1683007285425.0,2123,S,2000.0,0.798225,LMDA,USD
1682972191525.0,1420,B,7000.0,0.791755,LMDA,USD
1682945436025.0,905,B,3000.0,0.804125,LMDA,USD
1683015279375.0,2270,B,3000.0,0.793405,LMDA,USD
1683047099250.0,2814,B,1000.0,0.798485,LMDA,USD
1682992219650.0,1847,B,1000.0,0.7964950000000001,LMDA,USD
1682919451850.0,440,B,4000.0,0.80677,LMDA,USD
1683037555175.0,2664,B,10000.0,0.799645,LMDA,USD
1682960647375.0,1218,B,1000.0,0.7960849999999999,LMDA,USD
1682896490725.0,12,S,1000.0,0.8003750000000001,LMDA,USD
1683066497225.0,3130,S,7000.0,0.80055,LMDA,USD
1682961366725.0,1233,S,10000.0,0.7958149999999999,LMDA,USD
1683042784925.0,2736,B,4000.0,0.7957350000000001,LMDA,USD
1683009236950.0,2156,B,3000.0,0.79735,LMDA,USD
1682996857825.0,1929,S,2000.0,0.7961499999999999,LMDA,USD
1683029587350.0,2498,B,7000.0,0.795945,LMDA,USD
1683021004675.0,2360,S,4000.0,0.794525,LMDA,USD
1683054723150.0,2928,B,8000.0,0.797845,LMDA,USD
1683040350325.0,2693,B,5000.0,0.79682,LMDA,USD
1682920244575.0,459,S,1000.0,0.807545,LMDA,USD
1682990014650.0,1820,S,8000.0,0.794785,LMDA,USD
1683029268375.0,2486,S,3000.0,0.795505,LMDA,USD
1682940177350.0,811,B,1000.0,0.8025450000000001,LMDA,USD
1682965627050.0,1309,S,1000.0,0.792585,LMDA,USD
1683061496750.0,3065,S,1000.0,0.80059,LMDA,USD
1682909549625.0,273,S,4000.0,0.8012950000000001,LMDA,USD
1683053060150.0,2903,B,9000.0,0.79595,LMDA,USD
1682908158450.0,247,S,9000.0,0.8015100000000001,LMDA,USD
1683062546350.0,3079,S,3000.0,0.80053,LMDA,USD
1682968005950.0,1348,S,2000.0,0.7920250000000001,LMDA,USD
1683062546075.0,3077,S,6000.0,0.8005599999999999,LMDA,USD
1683057257675.0,2984,B,4000.0,0.797735,LMDA,USD
1682982097175.0,1650,S,1000.0,0.7960750000000001,LMDA,USD
1682948968775.0,981,S,1000.0,0.802125,LMDA,USD
1683040826050.0,2697,S,10000.0,0.7971900000000001,LMDA,USD
1683031788425.0,2549,S,5000.0,0.798135,LMDA,USD
1682952254875.0,1055,B,4000.0,0.799385,LMDA,USD
1682904684675.0,194,S,6000.0,0.7971900000000001,LMDA,USD
1682961742975.0,1242,S,10000.0,0.794325,LMDA,USD
1682987096375.0,1738,B,1000.0,0.7979849999999999,LMDA,USD
1682944950450.0,896,B,7000.0,0.804145,LMDA,USD
1682915656250.0,377,B,2000.0,0.8066749999999999,LMDA,USD
1682940216975.0,820,S,8000.0,0.8025950000000001,LMDA,USD
1682910539475.0,282,B,10000.0,0.8012100000000001,LMDA,USD
1683042578550.0,2734,S,6000.0,0.795275,LMDA,USD
1682902540375.0,136,B,6000.0,0.79891,LMDA,USD
1682937603750.0,764,S,4000.0,0.802575,LMDA,USD
1682919549025.0,443,B,2000.0,0.8072950000000001,LMDA,USD
1683042245025.0,2726,B,6000.0,0.795425,LMDA,USD
1683016293325.0,2288,B,1000.0,0.792765,LMDA,USD
1682914982025.0,366,B,10000.0,0.80608,LMDA,USD
1682957946775.0,1175,B,1000.0,0.797995,LMDA,USD
1682992185950.0,1843,B,3000.0,0.796355,LMDA,USD
1682984125725.0,1690,B,3000.0,0.79766,LMDA,USD
1682895998725.0,4,S,7000.0,0.800095,LMDA,USD
1683051097525.0,2875,S,6000.0,0.795175,LMDA,USD
1683041325725.0,2705,B,4000.0,0.79669,LMDA,USD
1682999350075.0,1994,B,7000.0,0.798065,LMDA,USD
1682897849425.0,25,S,2000.0,0.799955,LMDA,USD
1682952707275.0,1061,B,2000.0,0.7992199999999999,LMDA,USD
1682990014425.0,1819,S,2000.0,0.794795,LMDA,USD
1683013530325.0,2234,B,7000.0,0.7943950000000001,LMDA,USD
1683031071650.0,2531,B,4000.0,0.798195,LMDA,USD
1683015056425.0,2267,B,3000.0,0.793405,LMDA,USD
1682899733750.0,88,B,5000.0,0.79821,LMDA,USD
1682928926025.0,636,S,10000.0,0.805945,LMDA,USD
1683022296225.0,2375,S,4000.0,0.793775,LMDA,USD
1682968005850.0,1347,S,1000.0,0.792045,LMDA,USD
1683051392150.0,2880,S,9000.0,0.795105,LMDA,USD
1683046774750.0,2809,S,5000.0,0.7982899999999999,LMDA,USD
1682970234075.0,1385,S,3000.0,0.79112,LMDA,USD
1682936865075.0,750,S,5000.0,0.801405,LMDA,USD
1683058649025.0,3007,B,8000.0,0.799555,LMDA,USD
1682973857550.0,1460,S,9000.0,0.791185,LMDA,USD
1683010907725.0,2193,B,4000.0,0.79447,LMDA,USD
1683004028775.0,2061,S,6000.0,0.79723,LMDA,USD
1682992225725.0,1850,B,4000.0,0.796595,LMDA,USD
1683011613950.0,2196,B,4000.0,0.794575,LMDA,USD
1682936620175.0,744,S,10000.0,0.8013750000000001,LMDA,USD
1683065097125.0,3115,B,6000.0,0.800485,LMDA,USD
1682922353450.0,496,S,3000.0,0.80737,LMDA,USD
1682982462450.0,1665,S,1000.0,0.7954150000000001,LMDA,USD
1682944030050.0,879,S,3000.0,0.803955,LMDA,USD
1682989626750.0,1795,B,1000.0,0.796585,LMDA,USD
1682977056075.0,1551,B,9000.0,0.791605,LMDA,USD
1682904384675.0,189,S,5000.0,0.79727,LMDA,USD
1682983619075.0,1681,B,5000.0,0.7973800000000001,LMDA,USD
1682937081025.0,754,B,6000.0,0.802465,LMDA,USD
1682975181150.0,1492,S,1000.0,0.79244,LMDA,USD
1682976169175.0,1527,B,2000.0,0.793,LMDA,USD
1682953941425.0,1086,B,7000.0,0.79877,LMDA,USD
1682986979125.0,1733,B,1000.0,0.797655,LMDA,USD
1683050557650.0,2865,S,7000.0,0.79586,LMDA,USD
1682936003225.0,732,S,6000.0,0.801685,LMDA,USD
1683003634775.0,2057,B,3000.0,0.79694,LMDA,USD
1682925746575.0,569,B,4000.0,0.805745,LMDA,USD
1683016175150.0,2285,B,9000.0,0.7925650000000001,LMDA,USD
1682929253475.0,640,B,2000.0,0.805255,LMDA,USD
1683031787875.0,2547,S,7000.0,0.798165,LMDA,USD
1682967578250.0,1339,B,7000.0,0.7923600000000001,LMDA,USD
1683015433950.0,2276,S,10000.0,0.792575,LMDA,USD
1682989626475.0,1793,B,10000.0,0.796555,LMDA,USD
1683036687975.0,2649,S,7000.0,0.799185,LMDA,USD
1683006819375.0,2113,S,9000.0,0.798285,LMDA,USD
1682982227725.0,1656,S,7000.0,0.7960250000000001,LMDA,USD
1683004025775.0,2060,B,7000.0,0.7974100000000001,LMDA,USD
1682955948075.0,1147,B,1000.0,0.7975350000000001,LMDA,USD
1682914491875.0,355,B,7000.0,0.80538,LMDA,USD
1683033403750.0,2571,S,7000.0,0.798055,LMDA,USD
1682976169225.0,1528,B,10000.0,0.7930200000000001,LMDA,USD
1683036946075.0,2651,S,9000.0,0.798995,LMDA,USD
1682999517175.0,2000,S,9000.0,0.797935,LMDA,USD
1682945652625.0,914,S,10000.0,0.804045,LMDA,USD
1682943107175.0,869,S,7000.0,0.802875,LMDA,USD
1682899674525.0,84,S,3000.0,0.7980900000000001,LMDA,USD
1682975653450.0,1507,B,1000.0,0.7938500000000001,LMDA,USD
1682928199650.0,623,S,6000.0,0.807495,LMDA,USD
1682922853275.0,508,S,9000.0,0.80901,LMDA,USD
1683034393075.0,2600,S,10000.0,0.796525,LMDA,USD
1682991463850.0,1834,B,8000.0,0.79533,LMDA,USD
1683022155275.0,2373,S,10000.0,0.793575,LMDA,USD
1683058000050.0,2996,B,6000.0,0.796365,LMDA,USD
1683018205350.0,2320,B,7000.0,0.791425,LMDA,USD
1682947798050.0,947,S,9000.0,0.803395,LMDA,USD
1682901454150.0,116,B,10000.0,0.79789,LMDA,USD
1682909223150.0,268,B,6000.0,0.802105,LMDA,USD
1682983842075.0,1684,S,1000.0,0.79735,LMDA,USD
1683039886925.0,2687,B,4000.0,0.79713,LMDA,USD
1683010162025.0,2179,S,3000.0,0.79488,LMDA,USD
1682992542875.0,1862,B,9000.0,0.796975,LMDA,USD
1682978188725.0,1585,B,1000.0,0.7920999999999999,LMDA,USD
1683009875775.0,2175,S,7000.0,0.79505,LMDA,USD
1683044159675.0,2761,S,3000.0,0.795745,LMDA,USD
1682955789525.0,1139,S,2000.0,0.797185,LMDA,USD
1682962062425.0,1249,S,4000.0,0.793935,LMDA,USD
1682980387075.0,1627,B,4000.0,0.79281,LMDA,USD
1683035024225.0,2610,B,10000.0,0.798745,LMDA,USD
1683000041350.0,2011,B,8000.0,0.79879,LMDA,USD
1682930884975.0,666,S,9000.0,0.803055,LMDA,USD
1683043017950.0,2739,S,7000.0,0.795405,LMDA,USD
1683020991450.0,2359,S,1000.0,0.794615,LMDA,USD
1682974491725.0,1467,B,8000.0,0.792355,LMDA,USD
1682902618575.0,144,B,2000.0,0.79893,LMDA,USD
1683000546450.0,2026,B,8000.0,0.80015,LMDA,USD
1683008106150.0,2131,B,1000.0,0.7975850000000001,LMDA,USD
1682972760525.0,1434,B,7000.0,0.7920999999999999,LMDA,USD
1682965627275.0,1310,S,9000.0,0.792565,LMDA,USD
1683022333225.0,2385,B,1000.0,0.793795,LMDA,USD
1682988081850.0,1763,B,7000.0,0.7990200000000001,LMDA,USD
1683052045550.0,2889,B,10000.0,0.7949849999999999,LMDA,USD
1682998337750.0,1965,B,10000.0,0.7965949999999999,LMDA,USD
1683020505725.0,2346,S,1000.0,0.7938850000000001,LMDA,USD
1683063626925.0,3095,S,7000.0,0.8002549999999999,LMDA,USD
1683057999675.0,2994,B,2000.0,0.796345,LMDA,USD
1682998895925.0,1985,B,4000.0,0.797405,LMDA,USD
1682950681375.0,1019,S,2000.0,0.800875,LMDA,USD
1682948834275.0,967,S,7000.0,0.802725,LMDA,USD
1683031156050.0,2534,B,7000.0,0.798315,LMDA,USD
1682991300825.0,1833,S,6000.0,0.7955000000000001,LMDA,USD
1682914492550.0,359,B,2000.0,0.80542,LMDA,USD
1683063627225.0,3096,S,8000.0,0.800245,LMDA,USD
1683009555975.0,2170,S,10000.0,0.7958200000000001,LMDA,USD
1682974653875.0,1477,B,8000.0,0.7929750000000001,LMDA,USD
1683037242850.0,2659,B,3000.0,0.799035,LMDA,USD
1683003996650.0,2058,S,4000.0,0.79749,LMDA,USD
1682906707225.0,224,B,8000.0,0.798905,LMDA,USD
1683012909425.0,2216,B,1000.0,0.795095,LMDA,USD
1682983257875.0,1676,S,6000.0,0.79642,LMDA,USD
