ts_ms,trade_id,side,size,px,lhs_ccy,rhs_ccy
1683061966950.0,2860,S,4000.0,2.93425,ZTA,USD
1682941953150.0,782,S,2000.0,2.875475,ZTA,USD
1682925312625.0,493,B,6000.0,2.9135250000000004,ZTA,USD
1682912382975.0,252,B,1000.0,2.897875,ZTA,USD
1683024316575.0,2188,B,5000.0,2.921025,ZTA,USD
1682973000825.0,1257,S,4000.0,2.95345,ZTA,USD
1683042039125.0,2469,S,9000.0,2.914175,ZTA,USD
1683041584050.0,2457,S,2000.0,2.91525,ZTA,USD
1682957007175.0,1018,B,4000.0,2.903125,ZTA,USD
1682943283850.0,809,S,8000.0,2.871075,ZTA,USD
1683004119950.0,1855,B,8000.0,2.94635,ZTA,USD
1682921872850.0,426,B,1000.0,2.914875,ZTA,USD
1682976533075.0,1306,B,6000.0,2.946575,ZTA,USD
1683038324425.0,2378,S,8000.0,2.914275,ZTA,USD
1682972207975.0,1236,S,6000.0,2.9564250000000003,ZTA,USD
1683026300450.0,2209,B,7000.0,2.9282250000000003,ZTA,USD
1682961966050.0,1075,S,10000.0,2.930275,ZTA,USD
1682935941050.0,678,S,7000.0,2.907275,ZTA,USD
1682910333150.0,208,B,7000.0,2.90545,ZTA,USD
1682962787050.0,1084,B,8000.0,2.9312,ZTA,USD
1682998303925.0,1764,S,9000.0,2.9379250000000003,ZTA,USD
1682914174875.0,278,B,5000.0,2.89555,ZTA,USD
1683059024025.0,2812,B,7000.0,2.92425,ZTA,USD
1682945663275.0,844,B,7000.0,2.874425,ZTA,USD
1682923277525.0,460,B,3000.0,2.9224,ZTA,USD
1682899871750.0,55,B,10000.0,2.89495,ZTA,USD
1683055989350.0,2749,S,4000.0,2.9139999999999997,ZTA,USD
1683029104350.0,2257,B,7000.0,2.912475,ZTA,USD
1682976707575.0,1311,B,9000.0,2.943525,ZTA,USD
1682978442475.0,1338,S,9000.0,2.9545,ZTA,USD
1682930807350.0,579,B,2000.0,2.909975,ZTA,USD
1683006715275.0,1884,S,8000.0,2.929275,ZTA,USD
1683029103775.0,2256,B,3000.0,2.9124250000000003,ZTA,USD
1683062135275.0,2870,S,8000.0,2.93505,ZTA,USD
1682926196325.0,506,B,5000.0,2.9143250000000003,ZTA,USD
1682986714325.0,1524,S,6000.0,2.939525,ZTA,USD
1682984826425.0,1491,B,9000.0,2.946275,ZTA,USD
1683065922750.0,2931,B,10000.0,2.944725,ZTA,USD
1682994518950.0,1700,S,8000.0,2.93565,ZTA,USD
1682999084725.0,1776,S,8000.0,2.939125,ZTA,USD
1682905874850.0,140,B,2000.0,2.906175,ZTA,USD
1682917238750.0,337,S,8000.0,2.9023000000000003,ZTA,USD
1682934382175.0,648,S,2000.0,2.904575,ZTA,USD
1682971580625.0,1227,S,4000.0,2.951325,ZTA,USD
1683066895875.0,2947,B,7000.0,2.9479,ZTA,USD
1682971542325.0,1225,S,7000.0,2.953675,ZTA,USD
1682984804875.0,1482,S,6000.0,2.946875,ZTA,USD
1682990504050.0,1614,S,2000.0,2.9264,ZTA,USD
1682897601675.0,29,S,9000.0,2.9052499999999997,ZTA,USD
1683044025150.0,2497,B,7000.0,2.913175,ZTA,USD
1682901392850.0,82,B,3000.0,2.90805,ZTA,USD
1682966141325.0,1129,S,8000.0,2.95,ZTA,USD
1683015340950.0,2029,S,10000.0,2.937325,ZTA,USD
1683053747825.0,2678,S,6000.0,2.90995,ZTA,USD
1683050497925.0,2620,S,5000.0,2.9276,ZTA,USD
1682972988125.0,1251,S,4000.0,2.95485,ZTA,USD
1682932126125.0,605,B,1000.0,2.9163750000000004,ZTA,USD
1683010671775.0,1950,S,1000.0,2.9280999999999997,ZTA,USD
1682988738650.0,1578,S,10000.0,2.93445,ZTA,USD
1682945086925.0,837,B,7000.0,2.874425,ZTA,USD
1682975995575.0,1299,S,8000.0,2.9559,ZTA,USD
1683056821225.0,2767,S,4000.0,2.9124999999999996,ZTA,USD
1683029107550.0,2260,S,10000.0,2.912175,ZTA,USD
1683001759075.0,1822,B,8000.0,2.942075,ZTA,USD
1683044622675.0,2501,B,1000.0,2.91695,ZTA,USD
1682895809650.0,3,B,8000.0,2.902825,ZTA,USD
1682911704550.0,240,S,5000.0,2.9019250000000003,ZTA,USD
1683055502775.0,2730,B,9000.0,2.915175,ZTA,USD
1682972579450.0,1248,B,2000.0,2.9530499999999997,ZTA,USD
1682971417575.0,1218,B,1000.0,2.951175,ZTA,USD
1682925402450.0,498,S,9000.0,2.912475,ZTA,USD
1682978629550.0,1345,S,4000.0,2.952775,ZTA,USD
1682919354575.0,388,B,2000.0,2.90615,ZTA,USD
1683059321425.0,2823,B,3000.0,2.92245,ZTA,USD
1682987084025.0,1537,B,10000.0,2.937875,ZTA,USD
1682986944075.0,1533,B,1000.0,2.939425,ZTA,USD
1682916541325.0,323,B,2000.0,2.9011750000000003,ZTA,USD
1683038218350.0,2371,S,8000.0,2.916425,ZTA,USD
1682928685350.0,548,B,5000.0,2.900825,ZTA,USD
1682978629950.0,1348,S,2000.0,2.952625,ZTA,USD
1682984239950.0,1462,B,4000.0,2.947425,ZTA,USD
1682925925425.0,500,B,6000.0,2.9186750000000004,ZTA,USD
1682983946825.0,1454,B,3000.0,2.9436,ZTA,USD
1682969610125.0,1186,B,7000.0,2.9434,ZTA,USD
1683045011875.0,2504,S,2000.0,2.9211500000000004,ZTA,USD
1682933519075.0,633,B,7000.0,2.9114250000000004,ZTA,USD
1682969875750.0,1195,S,6000.0,2.94705,ZTA,USD
1682897478975.0,27,S,6000.0,2.9019,ZTA,USD
1682897233450.0,20,B,4000.0,2.9012000000000002,ZTA,USD
1683066521975.0,2940,S,9000.0,2.9427499999999998,ZTA,USD
1682906723325.0,153,S,5000.0,2.906225,ZTA,USD
1682907376825.0,160,B,3000.0,2.9051,ZTA,USD
1683020915275.0,2132,B,7000.0,2.9285750000000004,ZTA,USD
1682938004625.0,715,S,1000.0,2.901525,ZTA,USD
1682980965475.0,1397,S,5000.0,2.943175,ZTA,USD
1683059023225.0,2810,B,8000.0,2.92405,ZTA,USD
1683030921725.0,2279,S,9000.0,2.909525,ZTA,USD
1682941877875.0,777,S,7000.0,2.876075,ZTA,USD
1683005934425.0,1879,S,8000.0,2.934575,ZTA,USD
1683041406950.0,2447,B,2000.0,2.9158,ZTA,USD
1682925037525.0,492,S,6000.0,2.9128499999999997,ZTA,USD
1682994759175.0,1703,B,2000.0,2.937675,ZTA,USD
1682999602025.0,1791,B,10000.0,2.932675,ZTA,USD
1682980845250.0,1389,B,2000.0,2.9472,ZTA,USD
1683041507925.0,2454,S,1000.0,2.91415,ZTA,USD
1682950896975.0,925,B,2000.0,2.8769750000000003,ZTA,USD
1683056819650.0,2765,B,10000.0,2.91255,ZTA,USD
1683055542125.0,2735,B,4000.0,2.9154250000000004,ZTA,USD
1683054749025.0,2712,S,2000.0,2.9128249999999998,ZTA,USD
1682912242450.0,243,S,4000.0,2.8983250000000003,ZTA,USD
1682929957975.0,563,S,4000.0,2.916175,ZTA,USD
1682911539025.0,228,S,3000.0,2.900125,ZTA,USD
1682909031775.0,183,B,5000.0,2.908475,ZTA,USD
1682988504750.0,1567,S,4000.0,2.9344,ZTA,USD
1683037443850.0,2359,S,1000.0,2.909825,ZTA,USD
1682952414675.0,935,B,3000.0,2.880325,ZTA,USD
1683065922875.0,2932,B,9000.0,2.944775,ZTA,USD
1682999601950.0,1790,B,4000.0,2.932625,ZTA,USD
1683063633425.0,2899,B,5000.0,2.934525,ZTA,USD
1682951057125.0,927,S,9000.0,2.874825,ZTA,USD
1682969716875.0,1188,B,3000.0,2.9444500000000002,ZTA,USD
1683058870250.0,2801,S,3000.0,2.92545,ZTA,USD
1682934944450.0,656,B,9000.0,2.903525,ZTA,USD
1683041647825.0,2461,S,10000.0,2.9145,ZTA,USD
1682912720275.0,253,S,7000.0,2.899425,ZTA,USD
1682926343825.0,512,S,8000.0,2.910325,ZTA,USD
1682993234025.0,1672,S,5000.0,2.92985,ZTA,USD
1682959056925.0,1043,S,9000.0,2.9104500000000004,ZTA,USD
1683036634875.0,2352,B,3000.0,2.9135250000000004,ZTA,USD
1682972882525.0,1250,B,3000.0,2.9532999999999996,ZTA,USD
1683051056975.0,2632,S,5000.0,2.926225,ZTA,USD
1683039067375.0,2395,S,10000.0,2.9143499999999998,ZTA,USD
1683010953475.0,1954,B,2000.0,2.9297,ZTA,USD
1683013690025.0,1990,B,2000.0,2.9346750000000004,ZTA,USD
1683015860025.0,2039,B,9000.0,2.934375,ZTA,USD
1682927401325.0,524,B,10000.0,2.900825,ZTA,USD
1683022409325.0,2150,B,5000.0,2.928075,ZTA,USD
1683018375225.0,2084,S,10000.0,2.9334249999999997,ZTA,USD
1683003634725.0,1842,B,7000.0,2.9422499999999996,ZTA,USD
1682901435325.0,90,S,8000.0,2.90945,ZTA,USD
1683052792150.0,2659,S,3000.0,2.9154,ZTA,USD
1683017054275.0,2061,S,6000.0,2.930875,ZTA,USD
1683044175350.0,2498,B,7000.0,2.915025,ZTA,USD
1682905922225.0,143,S,9000.0,2.906575,ZTA,USD
1682906280850.0,151,B,6000.0,2.909075,ZTA,USD
1683002226950.0,1828,S,1000.0,2.941775,ZTA,USD
1682950508225.0,920,S,2000.0,2.880425,ZTA,USD
1682979245625.0,1356,B,2000.0,2.951625,ZTA,USD
1682997065350.0,1745,S,3000.0,2.93775,ZTA,USD
1683059387150.0,2824,S,9000.0,2.9244000000000003,ZTA,USD
1683027684250.0,2238,B,8000.0,2.928275,ZTA,USD
1682970988825.0,1211,B,7000.0,2.948525,ZTA,USD
1683005445325.0,1872,S,9000.0,2.9404500000000002,ZTA,USD
1683066393450.0,2937,B,2000.0,2.94435,ZTA,USD
1682929501450.0,555,B,3000.0,2.9105250000000003,ZTA,USD
1682991678425.0,1637,B,7000.0,2.9296499999999996,ZTA,USD
1683010197375.0,1941,B,7000.0,2.92665,ZTA,USD
1682981145825.0,1402,S,8000.0,2.943125,ZTA,USD
1682986902025.0,1530,B,7000.0,2.938025,ZTA,USD
1682983049925.0,1424,B,7000.0,2.941925,ZTA,USD
1682909860225.0,203,S,6000.0,2.9031,ZTA,USD
1683038409975.0,2382,S,4000.0,2.914075,ZTA,USD
1683015713150.0,2036,B,4000.0,2.9368250000000002,ZTA,USD
1682907382225.0,161,S,6000.0,2.9048,ZTA,USD
1682999428475.0,1782,S,6000.0,2.9343250000000003,ZTA,USD
1682990715325.0,1618,S,5000.0,2.92855,ZTA,USD
1683010196925.0,1940,B,10000.0,2.9266,ZTA,USD
1682988728275.0,1573,B,1000.0,2.9348,ZTA,USD
1682962586750.0,1080,S,8000.0,2.92985,ZTA,USD
1682900537325.0,72,B,1000.0,2.900575,ZTA,USD
1682959525825.0,1047,S,9000.0,2.9178,ZTA,USD
1682927983725.0,532,B,2000.0,2.900325,ZTA,USD
1683007751725.0,1904,B,10000.0,2.925175,ZTA,USD
1682927335325.0,523,S,6000.0,2.899675,ZTA,USD
1682935499125.0,672,B,3000.0,2.9103250000000003,ZTA,USD
1683051546975.0,2639,B,3000.0,2.922725,ZTA,USD
1683056694550.0,2762,B,10000.0,2.9135,ZTA,USD
1683038164725.0,2369,B,1000.0,2.915525,ZTA,USD
1683066522025.0,2941,S,10000.0,2.94265,ZTA,USD
1683050503225.0,2623,S,4000.0,2.92655,ZTA,USD
1682988115650.0,1564,B,9000.0,2.9312,ZTA,USD
1683023373875.0,2174,B,1000.0,2.927975,ZTA,USD
1682923500675.0,466,B,5000.0,2.9252000000000002,ZTA,USD
1682984826225.0,1489,B,10000.0,2.9461749999999998,ZTA,USD
1683004209725.0,1858,S,7000.0,2.9459500000000003,ZTA,USD
1682977760225.0,1327,S,10000.0,2.95275,ZTA,USD
1683035557075.0,2335,B,1000.0,2.914175,ZTA,USD
1683061350275.0,2855,S,5000.0,2.92895,ZTA,USD
1683055532925.0,2731,S,4000.0,2.915075,ZTA,USD
1682974739125.0,1277,B,6000.0,2.9593249999999998,ZTA,USD
1683038246225.0,2374,S,5000.0,2.914525,ZTA,USD
1682962758650.0,1082,B,9000.0,2.9301,ZTA,USD
1682983948525.0,1458,B,8000.0,2.94395,ZTA,USD
1683007877575.0,1905,B,3000.0,2.928175,ZTA,USD
1682999435650.0,1783,S,8000.0,2.933825,ZTA,USD
1682977508175.0,1322,B,6000.0,2.9532,ZTA,USD
1682897274775.0,21,B,4000.0,2.9013500000000003,ZTA,USD
1682937021750.0,693,S,4000.0,2.901425,ZTA,USD
1683030260050.0,2272,B,10000.0,2.9083750000000004,ZTA,USD
1682910333450.0,211,B,10000.0,2.9056,ZTA,USD
1682969058125.0,1172,B,4000.0,2.9444250000000003,ZTA,USD
1682921872525.0,425,B,1000.0,2.914825,ZTA,USD
1683059259775.0,2817,S,3000.0,2.92355,ZTA,USD
1682948225675.0,882,S,5000.0,2.873525,ZTA,USD
1682901096650.0,79,S,1000.0,2.910475,ZTA,USD
1682952523050.0,939,S,7000.0,2.8796,ZTA,USD
1682979130125.0,1355,S,1000.0,2.952775,ZTA,USD
1682998956925.0,1773,S,1000.0,2.938575,ZTA,USD
1683041407025.0,2448,B,6000.0,2.9158500000000003,ZTA,USD
1683045966150.0,2524,B,4000.0,2.9206,ZTA,USD
1683015787550.0,2038,S,1000.0,2.934975,ZTA,USD
1682920581150.0,412,B,5000.0,2.913875,ZTA,USD
1683058311350.0,2789,S,7000.0,2.925125,ZTA,USD
1683048024925.0,2578,S,3000.0,2.928325,ZTA,USD
1682986027975.0,1511,B,8000.0,2.94605,ZTA,USD
1683054457850.0,2700,S,4000.0,2.912025,ZTA,USD
1682940700225.0,758,S,10000.0,2.880325,ZTA,USD
1682896212650.0,9,S,8000.0,2.9046250000000002,ZTA,USD
1683019615025.0,2117,B,6000.0,2.926975,ZTA,USD
1682992989675.0,1664,B,4000.0,2.931375,ZTA,USD
1683035272225.0,2332,S,2000.0,2.910675,ZTA,USD
1682944626750.0,830,B,8000.0,2.876475,ZTA,USD
1682949085125.0,893,B,4000.0,2.8701250000000003,ZTA,USD
1683056203950.0,2753,B,5000.0,2.9159,ZTA,USD
1682944054225.0,825,S,5000.0,2.873625,ZTA,USD
1682958402375.0,1038,S,6000.0,2.9043,ZTA,USD
1682904708325.0,112,B,5000.0,2.90475,ZTA,USD
1682924197575.0,483,S,5000.0,2.9255,ZTA,USD
1682931944775.0,598,B,8000.0,2.9167750000000003,ZTA,USD
1682917824775.0,354,B,1000.0,2.9057999999999997,ZTA,USD
1683055802550.0,2740,S,7000.0,2.91175,ZTA,USD
1682954703275.0,964,S,10000.0,2.89755,ZTA,USD
1683032313575.0,2296,S,5000.0,2.903025,ZTA,USD
1682938036725.0,718,S,5000.0,2.901475,ZTA,USD
1682950003775.0,908,S,8000.0,2.875475,ZTA,USD
1683047968875.0,2577,B,1000.0,2.928725,ZTA,USD
1683055862275.0,2742,S,10000.0,2.9103999999999997,ZTA,USD
1682993789850.0,1685,S,8000.0,2.9311,ZTA,USD
1682986027775.0,1509,B,2000.0,2.94595,ZTA,USD
1682934179325.0,646,S,1000.0,2.909275,ZTA,USD
1682943619950.0,813,B,3000.0,2.8733250000000004,ZTA,USD
1683015245850.0,2020,B,2000.0,2.937625,ZTA,USD
1682955803725.0,987,S,9000.0,2.900125,ZTA,USD
1683005330850.0,1865,B,8000.0,2.9406999999999996,ZTA,USD
1682936469175.0,688,B,8000.0,2.9038250000000003,ZTA,USD
1682930187375.0,572,B,6000.0,2.917825,ZTA,USD
1682934945075.0,657,B,7000.0,2.9036250000000003,ZTA,USD
1682905869350.0,132,B,1000.0,2.905175,ZTA,USD
1683014779575.0,2008,S,5000.0,2.934075,ZTA,USD
1682897296850.0,22,S,4000.0,2.90225,ZTA,USD
1682924689750.0,488,S,4000.0,2.9208,ZTA,USD
1683047962075.0,2575,B,5000.0,2.927325,ZTA,USD
1683007584050.0,1903,S,10000.0,2.9236750000000002,ZTA,USD
1682913986750.0,277,B,5000.0,2.8988,ZTA,USD
1683025031475.0,2192,S,5000.0,2.925625,ZTA,USD
1682947266725.0,859,B,8000.0,2.8693750000000002,ZTA,USD
1682970122875.0,1200,S,5000.0,2.94365,ZTA,USD
1683038246175.0,2373,S,10000.0,2.914575,ZTA,USD
1682922383975.0,442,S,8000.0,2.9162999999999997,ZTA,USD
1683039512325.0,2401,S,1000.0,2.9188,ZTA,USD
1683009348350.0,1921,S,5000.0,2.9245,ZTA,USD
1683005331350.0,1868,B,9000.0,2.941,ZTA,USD
1682997954925.0,1756,B,1000.0,2.942025,ZTA,USD
1683044275375.0,2499,B,5000.0,2.915575,ZTA,USD
1682904591425.0,111,B,4000.0,2.9044,ZTA,USD
1683033750225.0,2314,S,7000.0,2.910025,ZTA,USD
1683046336850.0,2527,B,8000.0,2.91985,ZTA,USD
1682935632075.0,674,B,7000.0,2.9099250000000003,ZTA,USD
1682969967725.0,1199,S,5000.0,2.94515,ZTA,USD
1682913898025.0,276,S,9000.0,2.8965,ZTA,USD
1683050060225.0,2617,B,9000.0,2.93085,ZTA,USD
1683048304425.0,2581,B,2000.0,2.9245750000000004,ZTA,USD
1683010268875.0,1943,B,6000.0,2.9280500000000003,ZTA,USD
1683027838250.0,2244,B,3000.0,2.929075,ZTA,USD
1682921873075.0,427,B,9000.0,2.914975,ZTA,USD
1683048756850.0,2594,B,3000.0,2.923175,ZTA,USD
1682954704350.0,969,S,5000.0,2.89715,ZTA,USD
1682902417650.0,97,S,10000.0,2.90755,ZTA,USD
1683009505225.0,1927,S,8000.0,2.9231,ZTA,USD
1683048814825.0,2598,B,5000.0,2.9224750000000004,ZTA,USD
1683023340975.0,2170,S,10000.0,2.926625,ZTA,USD
1682902030125.0,93,B,7000.0,2.9043,ZTA,USD
1683046742450.0,2545,S,8000.0,2.9200000000000004,ZTA,USD
1683062417650.0,2873,B,5000.0,2.93445,ZTA,USD
1683043440175.0,2493,S,1000.0,2.913825,ZTA,USD
1683016575125.0,2052,B,3000.0,2.938375,ZTA,USD
1682947398375.0,871,B,7000.0,2.8723750000000003,ZTA,USD
1682924396050.0,485,B,2000.0,2.92775,ZTA,USD
1682977666425.0,1325,B,8000.0,2.9525,ZTA,USD
1683048849675.0,2600,S,10000.0,2.922825,ZTA,USD
1682994759350.0,1705,B,9000.0,2.937875,ZTA,USD
1682911665025.0,239,S,4000.0,2.901525,ZTA,USD
1682909844075.0,198,S,8000.0,2.9036,ZTA,USD
1682935298350.0,667,B,8000.0,2.906775,ZTA,USD
1682996681975.0,1740,B,5000.0,2.9394,ZTA,USD
1682972388750.0,1243,B,7000.0,2.9551,ZTA,USD
1683036810175.0,2353,S,1000.0,2.914775,ZTA,USD
1682933807275.0,641,S,9000.0,2.909775,ZTA,USD
1682963401675.0,1089,B,9000.0,2.9325,ZTA,USD
1682988738275.0,1577,S,10000.0,2.9345,ZTA,USD
1682957584250.0,1025,S,6000.0,2.9045750000000004,ZTA,USD
1682975697625.0,1298,B,8000.0,2.9527,ZTA,USD
1682915571475.0,311,B,8000.0,2.896675,ZTA,USD
1682897478725.0,26,S,5000.0,2.90195,ZTA,USD
1683023804975.0,2180,B,2000.0,2.928275,ZTA,USD
1682964992675.0,1108,B,4000.0,2.953825,ZTA,USD
1683026863250.0,2219,S,8000.0,2.923825,ZTA,USD
1683066174525.0,2934,S,10000.0,2.9456249999999997,ZTA,USD
1682996308425.0,1733,S,1000.0,2.9404,ZTA,USD
1682919054250.0,382,S,2000.0,2.9085,ZTA,USD
1682948225825.0,884,S,3000.0,2.873375,ZTA,USD
1682915379450.0,308,B,4000.0,2.899175,ZTA,USD
1683041434825.0,2451,S,3000.0,2.91335,ZTA,USD
1683054748650.0,2710,S,10000.0,2.912925,ZTA,USD
1682983050250.0,1426,B,6000.0,2.942125,ZTA,USD
1682999436050.0,1785,S,6000.0,2.933725,ZTA,USD
1683064375750.0,2912,S,3000.0,2.9385,ZTA,USD
1682993047575.0,1670,S,1000.0,2.931325,ZTA,USD
1682993047225.0,1669,S,2000.0,2.931425,ZTA,USD
1683050059975.0,2616,B,7000.0,2.9308,ZTA,USD
1683036109175.0,2340,B,6000.0,2.913975,ZTA,USD
1682929870825.0,560,B,5000.0,2.9165750000000004,ZTA,USD
1682912759475.0,255,S,6000.0,2.899125,ZTA,USD
1682962376350.0,1077,S,5000.0,2.9320749999999998,ZTA,USD
1683017003875.0,2057,S,3000.0,2.932675,ZTA,USD
1683051547425.0,2640,B,3000.0,2.922775,ZTA,USD
1683013077950.0,1984,S,3000.0,2.939175,ZTA,USD
1683063633175.0,2898,B,10000.0,2.934475,ZTA,USD
1682984694875.0,1477,S,8000.0,2.9492249999999998,ZTA,USD
1683062418575.0,2876,B,4000.0,2.9346,ZTA,USD
1683004114475.0,1851,S,10000.0,2.9464,ZTA,USD
1683058214375.0,2785,B,8000.0,2.923425,ZTA,USD
1682937108575.0,705,B,9000.0,2.901825,ZTA,USD
1683058317250.0,2790,S,4000.0,2.923975,ZTA,USD
1682935778375.0,676,S,9000.0,2.908575,ZTA,USD
1682923963225.0,471,S,4000.0,2.92765,ZTA,USD
1682933683750.0,638,S,9000.0,2.910275,ZTA,USD
1682966141275.0,1128,S,2000.0,2.95005,ZTA,USD
1683033139550.0,2301,S,4000.0,2.9080749999999997,ZTA,USD
1682938384525.0,726,S,1000.0,2.902575,ZTA,USD
1683040108475.0,2419,B,4000.0,2.9169,ZTA,USD
1682989469325.0,1601,B,7000.0,2.936825,ZTA,USD
1683026090575.0,2206,B,3000.0,2.9261250000000003,ZTA,USD
1682934021450.0,643,B,2000.0,2.9118250000000003,ZTA,USD
1683023330175.0,2167,B,3000.0,2.927325,ZTA,USD
1682983427050.0,1441,S,3000.0,2.93845,ZTA,USD
1683007105350.0,1893,B,7000.0,2.928675,ZTA,USD
1682927313650.0,521,S,9000.0,2.899375,ZTA,USD
1683020863950.0,2129,S,7000.0,2.928825,ZTA,USD
1682917362350.0,342,S,7000.0,2.9003,ZTA,USD
1683000352950.0,1806,B,3000.0,2.9388,ZTA,USD
1683018446550.0,2094,B,9000.0,2.932475,ZTA,USD
1682986714925.0,1528,S,10000.0,2.939175,ZTA,USD
1682914865850.0,302,S,10000.0,2.8970000000000002,ZTA,USD
1683034841250.0,2327,B,3000.0,2.910925,ZTA,USD
1683056466025.0,2759,B,2000.0,2.9151000000000002,ZTA,USD
1682945885775.0,849,S,4000.0,2.874275,ZTA,USD
1683054360525.0,2693,B,5000.0,2.9119750000000004,ZTA,USD
1682978385825.0,1337,B,5000.0,2.95425,ZTA,USD
1682976322575.0,1303,S,9000.0,2.948325,ZTA,USD
1682929086825.0,551,B,3000.0,2.9053250000000004,ZTA,USD
1682914245325.0,284,S,3000.0,2.896,ZTA,USD
1682992189025.0,1646,B,9000.0,2.931525,ZTA,USD
1682905868850.0,130,B,7000.0,2.905025,ZTA,USD
1682920222275.0,403,B,4000.0,2.911675,ZTA,USD
1682912242675.0,244,S,2000.0,2.898225,ZTA,USD
1682899855750.0,54,B,9000.0,2.8946,ZTA,USD
1682964621850.0,1104,B,5000.0,2.954025,ZTA,USD
1683056159825.0,2752,B,7000.0,2.9141000000000004,ZTA,USD
1683044024875.0,2496,B,5000.0,2.913075,ZTA,USD
1683007274525.0,1894,S,2000.0,2.928275,ZTA,USD
1683003482725.0,1840,S,3000.0,2.9435249999999997,ZTA,USD
1682930018650.0,566,S,10000.0,2.916625,ZTA,USD
1683068237175.0,2970,B,8000.0,2.949125,ZTA,USD
1682982727825.0,1417,S,4000.0,2.9478750000000002,ZTA,USD
1683058870850.0,2803,S,3000.0,2.9253,ZTA,USD
1682920720350.0,416,S,5000.0,2.911225,ZTA,USD
1682925313075.0,494,B,3000.0,2.913625,ZTA,USD
1682959010825.0,1041,S,8000.0,2.9125,ZTA,USD
1683051510175.0,2637,B,6000.0,2.921525,ZTA,USD
1682951876575.0,932,S,8000.0,2.8745249999999998,ZTA,USD
1682942098175.0,783,B,1000.0,2.8779250000000003,ZTA,USD
1682964992975.0,1109,B,1000.0,2.953925,ZTA,USD
1682940134075.0,749,S,5000.0,2.883725,ZTA,USD
1682917188150.0,331,B,9000.0,2.904675,ZTA,USD
1682985155975.0,1497,B,1000.0,2.947075,ZTA,USD
1682900452150.0,70,S,10000.0,2.902425,ZTA,USD
1683053756550.0,2679,S,3000.0,2.91005,ZTA,USD
1683015385475.0,2031,S,1000.0,2.935875,ZTA,USD
1682917774725.0,352,B,9000.0,2.90595,ZTA,USD
1682977483825.0,1319,S,6000.0,2.9523,ZTA,USD
1683048873950.0,2601,S,1000.0,2.9234,ZTA,USD
1682955998625.0,993,S,1000.0,2.9011750000000003,ZTA,USD
1683005445525.0,1873,S,5000.0,2.94035,ZTA,USD
1683060732350.0,2845,S,5000.0,2.9290249999999998,ZTA,USD
1683048406850.0,2583,S,6000.0,2.923225,ZTA,USD
1682924090775.0,482,B,2000.0,2.92705,ZTA,USD
1682980084850.0,1376,S,8000.0,2.9537,ZTA,USD
1682940522850.0,751,B,5000.0,2.882825,ZTA,USD
1682934443450.0,649,S,8000.0,2.9052249999999997,ZTA,USD
1683033652475.0,2311,B,4000.0,2.9112250000000004,ZTA,USD
1682908663450.0,181,S,2000.0,2.904525,ZTA,USD
1683064020650.0,2903,B,9000.0,2.9362500000000002,ZTA,USD
1683048164375.0,2579,B,3000.0,2.927775,ZTA,USD
1682974146175.0,1270,S,10000.0,2.9623749999999998,ZTA,USD
1683041647950.0,2462,S,8000.0,2.91445,ZTA,USD
1682900401950.0,67,B,7000.0,2.901475,ZTA,USD
1683001176125.0,1814,B,10000.0,2.93835,ZTA,USD
1682939791225.0,745,S,2000.0,2.8899749999999997,ZTA,USD
1682983947975.0,1457,B,8000.0,2.9438500000000003,ZTA,USD
1682940969250.0,759,B,10000.0,2.879175,ZTA,USD
1682918508650.0,367,S,6000.0,2.9038500000000003,ZTA,USD
1683030891375.0,2277,B,7000.0,2.9114250000000004,ZTA,USD
1682922368950.0,439,B,10000.0,2.9158500000000003,ZTA,USD
1682971580875.0,1229,S,6000.0,2.951175,ZTA,USD
1682919960950.0,401,B,4000.0,2.909675,ZTA,USD
1682995131475.0,1717,B,1000.0,2.945225,ZTA,USD
1683021732775.0,2138,B,8000.0,2.925125,ZTA,USD
1682936536175.0,691,S,9000.0,2.903225,ZTA,USD
1682914899575.0,304,S,7000.0,2.89625,ZTA,USD
1682999602175.0,1792,B,3000.0,2.932775,ZTA,USD
1682964860750.0,1107,B,4000.0,2.953925,ZTA,USD
1682907149525.0,155,B,8000.0,2.90675,ZTA,USD
1682932890950.0,616,B,5000.0,2.915325,ZTA,USD
1682922927625.0,453,B,9000.0,2.91745,ZTA,USD
1682918778775.0,374,B,5000.0,2.9053,ZTA,USD
1682974739075.0,1276,B,2000.0,2.959275,ZTA,USD
1682983427150.0,1442,S,7000.0,2.93835,ZTA,USD
1682910333025.0,207,B,6000.0,2.9054,ZTA,USD
1682971417225.0,1217,B,9000.0,2.951125,ZTA,USD
1682912962425.0,260,B,7000.0,2.897575,ZTA,USD
1682917514575.0,351,S,10000.0,2.9017500000000003,ZTA,USD
1683067263875.0,2958,B,3000.0,2.9462,ZTA,USD
1682912745425.0,254,B,1000.0,2.898425,ZTA,USD
1683065059850.0,2918,S,8000.0,2.943875,ZTA,USD
1682899924475.0,60,S,9000.0,2.89615,ZTA,USD
1683002945150.0,1834,S,8000.0,2.939425,ZTA,USD
1682965557150.0,1122,S,9000.0,2.954075,ZTA,USD
1683060949950.0,2851,S,8000.0,2.928825,ZTA,USD
1682905705525.0,118,S,9000.0,2.905125,ZTA,USD
1682914175375.0,280,B,8000.0,2.8956999999999997,ZTA,USD
1682907980750.0,169,S,2000.0,2.9019999999999997,ZTA,USD
1683052642850.0,2655,S,4000.0,2.91895,ZTA,USD
1683026863950.0,2223,S,7000.0,2.923425,ZTA,USD
1683019081875.0,2107,S,8000.0,2.927625,ZTA,USD
1683022096375.0,2139,B,4000.0,2.9228750000000003,ZTA,USD
1683019596375.0,2116,S,10000.0,2.926475,ZTA,USD
1683041955150.0,2467,S,10000.0,2.915175,ZTA,USD
1682938898875.0,737,S,10000.0,2.902325,ZTA,USD
1683038804675.0,2389,B,4000.0,2.913875,ZTA,USD
1682946854925.0,852,S,9000.0,2.868525,ZTA,USD
1683065775250.0,2927,B,8000.0,2.9433249999999997,ZTA,USD
1683018375950.0,2087,S,2000.0,2.933175,ZTA,USD
1683063632825.0,2897,B,10000.0,2.934425,ZTA,USD
1683055027550.0,2724,B,1000.0,2.913025,ZTA,USD
1683038324525.0,2379,S,7000.0,2.914225,ZTA,USD
1683007275375.0,1898,S,7000.0,2.927975,ZTA,USD
1683041295475.0,2442,S,10000.0,2.9168499999999997,ZTA,USD
1682909071950.0,185,S,8000.0,2.9075249999999997,ZTA,USD
1682931832150.0,593,B,9000.0,2.9156750000000002,ZTA,USD
1683054361750.0,2697,B,10000.0,2.9122250000000003,ZTA,USD
1682965951875.0,1125,S,5000.0,2.952475,ZTA,USD
1682917120775.0,329,S,5000.0,2.903275,ZTA,USD
1683041015625.0,2437,B,2000.0,2.91695,ZTA,USD
1682994905325.0,1710,B,1000.0,2.940325,ZTA,USD
1683063768250.0,2901,B,2000.0,2.933675,ZTA,USD
1682983180125.0,1431,S,10000.0,2.9421999999999997,ZTA,USD
1682944626425.0,828,B,2000.0,2.876325,ZTA,USD
1682973913250.0,1265,B,1000.0,2.959275,ZTA,USD
1683022693725.0,2157,B,9000.0,2.9289750000000003,ZTA,USD
1682990983275.0,1622,B,8000.0,2.9284,ZTA,USD
1682933518725.0,631,B,5000.0,2.911325,ZTA,USD
1683057688750.0,2777,B,6000.0,2.922875,ZTA,USD
1682897479050.0,28,S,9000.0,2.9017999999999997,ZTA,USD
1682984476075.0,1466,B,1000.0,2.948975,ZTA,USD
1682992667175.0,1657,S,8000.0,2.933225,ZTA,USD
1682965178450.0,1112,B,7000.0,2.955275,ZTA,USD
1683052706425.0,2658,S,8000.0,2.91635,ZTA,USD
1683014806850.0,2010,S,10000.0,2.934275,ZTA,USD
1682975697350.0,1297,B,4000.0,2.9526,ZTA,USD
1682917249650.0,340,S,10000.0,2.90185,ZTA,USD
1683020500425.0,2125,B,8000.0,2.9284250000000003,ZTA,USD
1682980320350.0,1384,S,3000.0,2.9488,ZTA,USD
1682957558225.0,1022,S,3000.0,2.906025,ZTA,USD
1682978125275.0,1336,B,10000.0,2.9521,ZTA,USD
1683065448650.0,2924,B,8000.0,2.9426249999999996,ZTA,USD
1683037767950.0,2363,B,8000.0,2.910425,ZTA,USD
1682905869525.0,134,B,5000.0,2.905325,ZTA,USD
1682923277825.0,463,B,4000.0,2.92265,ZTA,USD
1682954721425.0,971,B,8000.0,2.8970000000000002,ZTA,USD
1683018446025.0,2092,B,5000.0,2.932275,ZTA,USD
1683037304525.0,2357,S,8000.0,2.911475,ZTA,USD
1682907149375.0,154,B,10000.0,2.9067000000000003,ZTA,USD
1683062135350.0,2871,S,7000.0,2.93495,ZTA,USD
1683061412325.0,2858,B,8000.0,2.92835,ZTA,USD
1683001324125.0,1817,S,3000.0,2.93935,ZTA,USD
1683053952575.0,2686,B,7000.0,2.91075,ZTA,USD
1682978630375.0,1349,S,7000.0,2.952575,ZTA,USD
1683026869350.0,2224,B,7000.0,2.923925,ZTA,USD
1683009348075.0,1920,S,9000.0,2.9246,ZTA,USD
1683026613725.0,2217,S,5000.0,2.925725,ZTA,USD
1682954901875.0,976,B,10000.0,2.8997,ZTA,USD
1682900885625.0,76,B,5000.0,2.908975,ZTA,USD
1682986902550.0,1531,B,2000.0,2.938075,ZTA,USD
1683036239450.0,2341,S,5000.0,2.917475,ZTA,USD
1682952876825.0,943,S,9000.0,2.8815,ZTA,USD
1682975016050.0,1279,S,4000.0,2.9555000000000002,ZTA,USD
1682929347775.0,553,S,4000.0,2.908475,ZTA,USD
1682931428425.0,584,S,1000.0,2.913875,ZTA,USD
1682937322750.0,711,S,4000.0,2.902775,ZTA,USD
1683025031275.0,2191,S,10000.0,2.925675,ZTA,USD
1682947069075.0,857,S,2000.0,2.869675,ZTA,USD
1683067478350.0,2960,S,6000.0,2.947575,ZTA,USD
1682953577050.0,950,S,1000.0,2.88405,ZTA,USD
1682953216475.0,949,B,2000.0,2.88145,ZTA,USD
1682960246725.0,1060,B,8000.0,2.9212,ZTA,USD
1683056294675.0,2756,B,4000.0,2.9153000000000002,ZTA,USD
1682934609775.0,654,S,7000.0,2.905175,ZTA,USD
1683052804575.0,2660,B,8000.0,2.91545,ZTA,USD
1682984156850.0,1460,S,9000.0,2.9492499999999997,ZTA,USD
1682998575525.0,1769,S,4000.0,2.937725,ZTA,USD
1682914342525.0,290,S,9000.0,2.8937,ZTA,USD
1682958612125.0,1039,S,6000.0,2.9059500000000003,ZTA,USD
1682998574550.0,1765,S,10000.0,2.938075,ZTA,USD
1682919280750.0,386,B,4000.0,2.90685,ZTA,USD
1682965749175.0,1124,S,2000.0,2.953925,ZTA,USD
1683053670925.0,2674,S,5000.0,2.91355,ZTA,USD
1682911540125.0,233,S,5000.0,2.899775,ZTA,USD
1683042390725.0,2480,S,7000.0,2.917025,ZTA,USD
1682914254350.0,285,S,5000.0,2.89435,ZTA,USD
1682954742450.0,972,B,9000.0,2.8973,ZTA,USD
1682934944125.0,655,B,4000.0,2.9034750000000003,ZTA,USD
1682908397925.0,175,S,1000.0,2.9056249999999997,ZTA,USD
1682957702525.0,1030,S,3000.0,2.904175,ZTA,USD
1683001569325.0,1819,B,2000.0,2.940925,ZTA,USD
1682916776225.0,326,B,2000.0,2.9025250000000002,ZTA,USD
1682910746150.0,222,S,1000.0,2.90255,ZTA,USD
1682919280525.0,385,B,9000.0,2.9067499999999997,ZTA,USD
1682997955150.0,1757,B,9000.0,2.942075,ZTA,USD
1682993765250.0,1680,S,4000.0,2.9316999999999998,ZTA,USD
1683014371825.0,2002,B,9000.0,2.9362250000000003,ZTA,USD
1682986714525.0,1526,S,2000.0,2.939375,ZTA,USD
1683003319250.0,1839,S,4000.0,2.942275,ZTA,USD
1682999899850.0,1804,S,10000.0,2.93675,ZTA,USD
1683022367025.0,2148,B,5000.0,2.927125,ZTA,USD
1683047952650.0,2574,B,7000.0,2.9270750000000003,ZTA,USD
1683039725750.0,2406,B,7000.0,2.91745,ZTA,USD
1682977760375.0,1328,S,8000.0,2.9527,ZTA,USD
1682906261575.0,147,S,3000.0,2.909475,ZTA,USD
1683029105325.0,2259,B,4000.0,2.912675,ZTA,USD
1683048304975.0,2582,B,6000.0,2.9246250000000003,ZTA,USD
1683001634350.0,1820,S,8000.0,2.939225,ZTA,USD
1682992189125.0,1647,B,6000.0,2.931575,ZTA,USD
1682936469225.0,689,B,3000.0,2.903875,ZTA,USD
1682990769650.0,1621,S,1000.0,2.92945,ZTA,USD
1683060756075.0,2848,S,6000.0,2.928775,ZTA,USD
1682905720975.0,122,S,10000.0,2.9047750000000003,ZTA,USD
1683001396875.0,1818,S,5000.0,2.9377,ZTA,USD
1682973345025.0,1260,B,6000.0,2.9520999999999997,ZTA,USD
1683065448725.0,2925,B,3000.0,2.942725,ZTA,USD
1683015269175.0,2022,S,6000.0,2.936025,ZTA,USD
1682997888725.0,1751,S,3000.0,2.941325,ZTA,USD
1683015245225.0,2017,B,8000.0,2.937475,ZTA,USD
1683023330675.0,2168,B,10000.0,2.927375,ZTA,USD
1682952415175.0,938,B,5000.0,2.8805750000000003,ZTA,USD
1682988915725.0,1589,B,3000.0,2.93985,ZTA,USD
1682998575275.0,1767,S,9000.0,2.937875,ZTA,USD
1683036328725.0,2346,B,1000.0,2.9162250000000003,ZTA,USD
1682941293350.0,768,B,8000.0,2.878025,ZTA,USD
1682901393175.0,85,B,5000.0,2.90825,ZTA,USD
1682917432650.0,348,B,9000.0,2.90055,ZTA,USD
1683014371275.0,2000,B,9000.0,2.936075,ZTA,USD
1683058677125.0,2797,B,5000.0,2.9254,ZTA,USD
1683018902175.0,2106,S,7000.0,2.9252249999999997,ZTA,USD
1683064376125.0,2913,S,6000.0,2.9384,ZTA,USD
1683040960925.0,2433,B,6000.0,2.9160500000000003,ZTA,USD
1682915793850.0,317,S,4000.0,2.900675,ZTA,USD
1682916779075.0,327,B,2000.0,2.902975,ZTA,USD
1682961834650.0,1073,S,3000.0,2.928525,ZTA,USD
1682912942575.0,259,S,7000.0,2.897025,ZTA,USD
1682902417425.0,96,S,9000.0,2.9076500000000003,ZTA,USD
1682983947225.0,1455,B,6000.0,2.9437,ZTA,USD
1683033652250.0,2309,B,1000.0,2.911025,ZTA,USD
1682931832275.0,594,B,10000.0,2.915775,ZTA,USD
1682906239625.0,146,B,3000.0,2.908625,ZTA,USD
1682972218250.0,1239,B,2000.0,2.956175,ZTA,USD
1682971581425.0,1233,S,10000.0,2.950825,ZTA,USD
1682909935625.0,205,S,8000.0,2.9025,ZTA,USD
1683014779775.0,2009,S,5000.0,2.934025,ZTA,USD
1682979828625.0,1368,S,3000.0,2.95505,ZTA,USD
1682920222375.0,404,B,1000.0,2.911775,ZTA,USD
1683050120450.0,2618,B,7000.0,2.9303,ZTA,USD
1682937527575.0,713,S,10000.0,2.898775,ZTA,USD
1682983508425.0,1446,S,3000.0,2.94015,ZTA,USD
1683049856925.0,2613,B,4000.0,2.93085,ZTA,USD
1682911285225.0,226,B,6000.0,2.90165,ZTA,USD
1683054701825.0,2705,S,4000.0,2.912875,ZTA,USD
1683046552925.0,2536,B,3000.0,2.9210999999999996,ZTA,USD
1683064020825.0,2904,B,6000.0,2.9363,ZTA,USD
1682999730175.0,1793,B,10000.0,2.9346,ZTA,USD
1683025616250.0,2201,B,4000.0,2.923325,ZTA,USD
1682983802525.0,1451,B,7000.0,2.9428,ZTA,USD
1683065059650.0,2917,S,8000.0,2.9439249999999997,ZTA,USD
1682911540225.0,234,S,4000.0,2.8996750000000002,ZTA,USD
1682991974850.0,1645,B,7000.0,2.929825,ZTA,USD
1682913738050.0,270,S,7000.0,2.8954500000000003,ZTA,USD
1682975196050.0,1289,B,10000.0,2.95555,ZTA,USD
1682969454450.0,1182,S,6000.0,2.94235,ZTA,USD
1683014431450.0,2004,B,10000.0,2.934775,ZTA,USD
1682918314375.0,357,B,6000.0,2.9037499999999996,ZTA,USD
1682968419175.0,1159,S,1000.0,2.948375,ZTA,USD
1682914175025.0,279,B,6000.0,2.89565,ZTA,USD
1682930018125.0,565,S,7000.0,2.916675,ZTA,USD
1683040108350.0,2418,B,10000.0,2.91685,ZTA,USD
1683007274875.0,1895,S,8000.0,2.928175,ZTA,USD
1682999851350.0,1797,S,1000.0,2.93695,ZTA,USD
1683026014675.0,2203,S,4000.0,2.927675,ZTA,USD
1683056716525.0,2764,S,2000.0,2.9137,ZTA,USD
1683062134950.0,2868,S,8000.0,2.93525,ZTA,USD
1682937288025.0,707,S,6000.0,2.902875,ZTA,USD
1683038647650.0,2386,S,3000.0,2.914775,ZTA,USD
1682902042925.0,94,B,5000.0,2.9048499999999997,ZTA,USD
1682960158650.0,1056,S,10000.0,2.91805,ZTA,USD
1682914623150.0,293,S,2000.0,2.89465,ZTA,USD
1682936469075.0,687,B,10000.0,2.903775,ZTA,USD
1683058973150.0,2807,B,1000.0,2.92365,ZTA,USD
1682937040725.0,696,B,2000.0,2.9022750000000004,ZTA,USD
1682897405075.0,24,S,7000.0,2.9023,ZTA,USD
1682968928325.0,1167,S,8000.0,2.948225,ZTA,USD
1682926344275.0,514,S,8000.0,2.910225,ZTA,USD
1683033619350.0,2308,B,4000.0,2.911575,ZTA,USD
1683053594425.0,2670,B,2000.0,2.9129,ZTA,USD
1682989411575.0,1596,B,2000.0,2.937775,ZTA,USD
1682966297825.0,1133,S,6000.0,2.952,ZTA,USD
1682930257275.0,576,B,1000.0,2.915975,ZTA,USD
1682942793350.0,801,S,5000.0,2.870075,ZTA,USD
1683036239875.0,2342,S,10000.0,2.917375,ZTA,USD
1682918734150.0,372,S,3000.0,2.9047500000000004,ZTA,USD
1682982601150.0,1409,B,10000.0,2.945725,ZTA,USD
1683053497850.0,2665,B,10000.0,2.913,ZTA,USD
1682922562525.0,450,B,3000.0,2.9161,ZTA,USD
1683042872350.0,2488,S,6000.0,2.913875,ZTA,USD
1682896775275.0,19,S,8000.0,2.8996999999999997,ZTA,USD
1683044893125.0,2503,B,2000.0,2.9193,ZTA,USD
1683051719975.0,2642,S,3000.0,2.922275,ZTA,USD
1682897865850.0,34,S,1000.0,2.9010249999999997,ZTA,USD
1682927983375.0,530,B,9000.0,2.900125,ZTA,USD
1683007877675.0,1906,B,2000.0,2.928275,ZTA,USD
1682967858950.0,1149,S,4000.0,2.953125,ZTA,USD
1682947330475.0,863,B,5000.0,2.8710250000000004,ZTA,USD
1682969875350.0,1194,S,8000.0,2.9471499999999997,ZTA,USD
1682982228675.0,1408,B,6000.0,2.945425,ZTA,USD
1682944027250.0,824,S,10000.0,2.874025,ZTA,USD
1682905375075.0,114,B,5000.0,2.905275,ZTA,USD
1682949720450.0,904,B,7000.0,2.872725,ZTA,USD
1683049373450.0,2604,S,9000.0,2.9294000000000002,ZTA,USD
1683006846850.0,1886,B,1000.0,2.926625,ZTA,USD
1682957702275.0,1028,S,10000.0,2.904275,ZTA,USD
1682986697850.0,1520,S,6000.0,2.9396750000000003,ZTA,USD
1682947624150.0,878,S,6000.0,2.874125,ZTA,USD
1682977195325.0,1314,B,6000.0,2.951325,ZTA,USD
1682937040975.0,697,B,3000.0,2.9023250000000003,ZTA,USD
1682996651575.0,1738,B,1000.0,2.94,ZTA,USD
1683051921450.0,2645,S,4000.0,2.9200250000000003,ZTA,USD
1683014476025.0,2006,S,2000.0,2.933125,ZTA,USD
1683011763375.0,1964,S,5000.0,2.936125,ZTA,USD
1683036810350.0,2355,S,6000.0,2.914625,ZTA,USD
1682999772125.0,1794,B,6000.0,2.937,ZTA,USD
1683055988450.0,2748,S,2000.0,2.91405,ZTA,USD
1682942792950.0,800,S,7000.0,2.870125,ZTA,USD
1682921529425.0,417,S,4000.0,2.912875,ZTA,USD
1682959525525.0,1046,S,3000.0,2.91785,ZTA,USD
1682907980825.0,170,S,5000.0,2.9019,ZTA,USD
1682901877450.0,92,B,7000.0,2.90395,ZTA,USD
1683019400075.0,2113,S,9000.0,2.926225,ZTA,USD
1682983243125.0,1434,B,7000.0,2.9408000000000003,ZTA,USD
1682967966825.0,1152,S,5000.0,2.951625,ZTA,USD
1683059600575.0,2828,S,7000.0,2.92545,ZTA,USD
1682990983425.0,1623,B,1000.0,2.9284499999999998,ZTA,USD
1683058870525.0,2802,S,9000.0,2.9253500000000003,ZTA,USD
1682914623775.0,296,S,10000.0,2.8944,ZTA,USD
1682952414775.0,936,B,9000.0,2.8803750000000004,ZTA,USD
1682908662875.0,179,S,3000.0,2.904725,ZTA,USD
1682971326375.0,1214,B,3000.0,2.950725,ZTA,USD
1682954703375.0,965,S,2000.0,2.89745,ZTA,USD
1682896326725.0,14,B,9000.0,2.901525,ZTA,USD
1682978629675.0,1346,S,3000.0,2.952725,ZTA,USD
1683014108375.0,1996,S,3000.0,2.934425,ZTA,USD
1682969357050.0,1177,S,4000.0,2.94455,ZTA,USD
1682909809275.0,197,B,10000.0,2.902775,ZTA,USD
1682967979425.0,1153,B,3000.0,2.951525,ZTA,USD
1683035379850.0,2333,B,7000.0,2.912175,ZTA,USD
1682986027350.0,1507,B,1000.0,2.94575,ZTA,USD
1683053895425.0,2685,B,1000.0,2.9096,ZTA,USD
1683015386250.0,2033,S,9000.0,2.935725,ZTA,USD
1683034843975.0,2329,S,5000.0,2.910275,ZTA,USD
1683005331250.0,1867,B,8000.0,2.9408999999999996,ZTA,USD
1683018050725.0,2078,B,10000.0,2.934575,ZTA,USD
1682987816150.0,1557,B,5000.0,2.93335,ZTA,USD
1683046336975.0,2528,B,2000.0,2.9199499999999996,ZTA,USD
1683067828675.0,2966,B,2000.0,2.942575,ZTA,USD
1682926288075.0,511,S,7000.0,2.911475,ZTA,USD
1683032146250.0,2293,S,3000.0,2.9061749999999997,ZTA,USD
1683029454450.0,2264,S,2000.0,2.909725,ZTA,USD
1683027312950.0,2232,B,10000.0,2.928175,ZTA,USD
1683003946275.0,1845,B,9000.0,2.9494499999999997,ZTA,USD
1682955998450.0,991,S,8000.0,2.901325,ZTA,USD
1683046589925.0,2539,S,10000.0,2.9210000000000003,ZTA,USD
1683014371550.0,2001,B,3000.0,2.936175,ZTA,USD
1682901425375.0,87,B,5000.0,2.90915,ZTA,USD
1682926840350.0,520,B,6000.0,2.905625,ZTA,USD
1682978124850.0,1332,B,6000.0,2.9518,ZTA,USD
1683047459225.0,2566,S,2000.0,2.922025,ZTA,USD
1682978629475.0,1344,S,5000.0,2.9528749999999997,ZTA,USD
1682988728775.0,1576,B,6000.0,2.935,ZTA,USD
1683055027650.0,2725,B,8000.0,2.9131250000000004,ZTA,USD
1683066822825.0,2946,S,7000.0,2.9465,ZTA,USD
1682960764650.0,1064,S,10000.0,2.922825,ZTA,USD
1682960246525.0,1059,B,6000.0,2.92115,ZTA,USD
1683062130125.0,2866,S,5000.0,2.9357,ZTA,USD
1683014108450.0,1997,S,10000.0,2.9343749999999997,ZTA,USD
1682899537150.0,48,S,10000.0,2.893,ZTA,USD
1682996777475.0,1742,B,9000.0,2.93945,ZTA,USD
1682915794175.0,318,S,5000.0,2.900575,ZTA,USD
1683042543325.0,2485,S,2000.0,2.915925,ZTA,USD
1683035718825.0,2337,S,8000.0,2.915175,ZTA,USD
1683010196725.0,1938,B,4000.0,2.9265000000000003,ZTA,USD
1682993047025.0,1667,S,10000.0,2.931575,ZTA,USD
1682949975850.0,907,S,3000.0,2.876275,ZTA,USD
1682957702450.0,1029,S,9000.0,2.9042250000000003,ZTA,USD
1682923964975.0,475,S,10000.0,2.9273499999999997,ZTA,USD
1682990329525.0,1611,S,4000.0,2.927625,ZTA,USD
1682899871850.0,56,B,8000.0,2.89505,ZTA,USD
1683067787750.0,2962,S,7000.0,2.9436750000000003,ZTA,USD
1682918457050.0,364,B,7000.0,2.90365,ZTA,USD
1683003048175.0,1836,S,6000.0,2.940325,ZTA,USD
1683017060725.0,2063,B,2000.0,2.9320250000000003,ZTA,USD
1682980965550.0,1398,S,10000.0,2.943075,ZTA,USD
1682987433175.0,1549,S,7000.0,2.9385250000000003,ZTA,USD
1683012973025.0,1981,B,5000.0,2.938375,ZTA,USD
1682930236225.0,575,S,7000.0,2.9162749999999997,ZTA,USD
1682996052225.0,1731,B,1000.0,2.942375,ZTA,USD
1682948274825.0,888,B,10000.0,2.8729750000000003,ZTA,USD
1682905705325.0,117,S,3000.0,2.905225,ZTA,USD
1682942339750.0,793,S,9000.0,2.874475,ZTA,USD
1683039593075.0,2403,B,7000.0,2.9186,ZTA,USD
1683017954725.0,2075,S,1000.0,2.931525,ZTA,USD
1682988592975.0,1570,B,1000.0,2.93615,ZTA,USD
1682919887475.0,400,B,6000.0,2.907325,ZTA,USD
1683060756125.0,2849,S,7000.0,2.9286749999999997,ZTA,USD
1682933544325.0,634,S,3000.0,2.911425,ZTA,USD
1683032755325.0,2299,B,5000.0,2.9068750000000003,ZTA,USD
1683012015350.0,1970,S,8000.0,2.9341749999999998,ZTA,USD
1682995356975.0,1725,B,3000.0,2.947575,ZTA,USD
1682940610550.0,752,S,3000.0,2.882075,ZTA,USD
1682927943550.0,528,S,6000.0,2.898975,ZTA,USD
1682914623250.0,294,S,2000.0,2.8946,ZTA,USD
1683048814225.0,2596,B,8000.0,2.922375,ZTA,USD
1682954749150.0,973,B,1000.0,2.89785,ZTA,USD
1683063095225.0,2886,B,5000.0,2.930875,ZTA,USD
1683037691950.0,2361,B,6000.0,2.9106750000000003,ZTA,USD
1682992683950.0,1659,B,7000.0,2.932875,ZTA,USD
1682995024150.0,1714,B,5000.0,2.943025,ZTA,USD
1682911362075.0,227,B,9000.0,2.9025,ZTA,USD
1683061350650.0,2856,S,8000.0,2.9289,ZTA,USD
1682922536150.0,446,S,8000.0,2.9165,ZTA,USD
1682895703175.0,0,B,3000.0,2.900375,ZTA,USD
1682931428350.0,583,S,6000.0,2.913925,ZTA,USD
1682970981250.0,1209,B,5000.0,2.947325,ZTA,USD
1682958899525.0,1040,S,1000.0,2.9105000000000003,ZTA,USD
1683029987375.0,2268,S,4000.0,2.9111249999999997,ZTA,USD
1682965178675.0,1113,B,4000.0,2.955375,ZTA,USD
1682943284175.0,810,S,2000.0,2.871025,ZTA,USD
1682964524450.0,1098,B,5000.0,2.953025,ZTA,USD
1683038409725.0,2381,S,7000.0,2.914125,ZTA,USD
1682965957250.0,1127,B,1000.0,2.952175,ZTA,USD
1683028428125.0,2250,B,9000.0,2.9175750000000003,ZTA,USD
1682948274225.0,885,B,5000.0,2.8727750000000003,ZTA,USD
1682979430450.0,1360,S,8000.0,2.953175,ZTA,USD
1683031922975.0,2291,S,8000.0,2.907975,ZTA,USD
1682970988725.0,1210,B,5000.0,2.948475,ZTA,USD
1682915571725.0,313,B,10000.0,2.896825,ZTA,USD
1682932559225.0,606,B,2000.0,2.9202250000000003,ZTA,USD
1682922368350.0,437,B,4000.0,2.91575,ZTA,USD
1683038087225.0,2368,S,4000.0,2.915175,ZTA,USD
1682978125025.0,1334,B,6000.0,2.9519,ZTA,USD
1683043439975.0,2492,S,1000.0,2.9139250000000003,ZTA,USD
1682980845450.0,1390,B,1000.0,2.9472500000000004,ZTA,USD
1682991816675.0,1641,B,7000.0,2.929725,ZTA,USD
1682910258475.0,206,B,10000.0,2.9054,ZTA,USD
1682900885850.0,78,B,1000.0,2.909075,ZTA,USD
1683059266375.0,2819,S,6000.0,2.923,ZTA,USD
1682897864975.0,33,S,7000.0,2.901125,ZTA,USD
1683005331075.0,1866,B,6000.0,2.9408,ZTA,USD
1682919887150.0,398,B,3000.0,2.907175,ZTA,USD
1682976997025.0,1312,S,8000.0,2.951775,ZTA,USD
1682903459975.0,104,S,4000.0,2.899075,ZTA,USD
1682995023950.0,1713,B,5000.0,2.9429250000000002,ZTA,USD
1683026014825.0,2205,S,1000.0,2.927575,ZTA,USD
1682986027450.0,1508,B,1000.0,2.94585,ZTA,USD
1683034133550.0,2316,B,8000.0,2.9102750000000004,ZTA,USD
1683027684925.0,2240,B,3000.0,2.928475,ZTA,USD
1683022693650.0,2156,B,3000.0,2.928925,ZTA,USD
1683035849725.0,2338,S,3000.0,2.9158749999999998,ZTA,USD
1682920525375.0,411,B,3000.0,2.912625,ZTA,USD
1683026613525.0,2216,S,1000.0,2.925825,ZTA,USD
1682938130950.0,722,S,2000.0,2.901375,ZTA,USD
1682900792575.0,75,B,2000.0,2.908225,ZTA,USD
1682987084475.0,1538,B,5000.0,2.937925,ZTA,USD
1683023373675.0,2172,B,7000.0,2.9278250000000003,ZTA,USD
1682930807575.0,580,B,10000.0,2.910075,ZTA,USD
1682966298175.0,1135,S,10000.0,2.95185,ZTA,USD
1682992610325.0,1656,B,7000.0,2.931875,ZTA,USD
1683054748525.0,2709,S,1000.0,2.9130249999999998,ZTA,USD
1682938898950.0,738,S,9000.0,2.902225,ZTA,USD
1682990123625.0,1608,B,4000.0,2.929175,ZTA,USD
1682956154975.0,1001,S,5000.0,2.902275,ZTA,USD
1682962376525.0,1078,S,5000.0,2.931975,ZTA,USD
1682923278375.0,464,B,8000.0,2.9227000000000003,ZTA,USD
1683058677025.0,2796,B,3000.0,2.9253,ZTA,USD
1683023226950.0,2163,B,7000.0,2.925275,ZTA,USD
1682978450350.0,1341,B,9000.0,2.9545500000000002,ZTA,USD
1682949627375.0,897,S,7000.0,2.870875,ZTA,USD
1683021043550.0,2133,S,2000.0,2.927475,ZTA,USD
1683059613825.0,2832,B,9000.0,2.9258499999999996,ZTA,USD
1683009052275.0,1915,S,1000.0,2.9299,ZTA,USD
1682923966275.0,478,S,6000.0,2.9271499999999997,ZTA,USD
1682972989875.0,1256,S,4000.0,2.9544,ZTA,USD
1683009049550.0,1913,S,7000.0,2.9305,ZTA,USD
1682929501525.0,556,B,10000.0,2.910625,ZTA,USD
1682919887275.0,399,B,5000.0,2.907225,ZTA,USD
1682969325225.0,1176,S,2000.0,2.945525,ZTA,USD
1682969261525.0,1173,S,3000.0,2.944525,ZTA,USD
1682907243350.0,157,B,2000.0,2.90485,ZTA,USD
1683038324975.0,2380,S,5000.0,2.914125,ZTA,USD
1682947068775.0,855,S,10000.0,2.8697749999999997,ZTA,USD
1682899607925.0,49,S,3000.0,2.8936,ZTA,USD
1682966520775.0,1136,S,9000.0,2.94975,ZTA,USD
1683012015125.0,1969,S,6000.0,2.934225,ZTA,USD
1683045916950.0,2517,S,10000.0,2.9214,ZTA,USD
1682993765375.0,1681,S,5000.0,2.93165,ZTA,USD
1682938036825.0,719,S,10000.0,2.901375,ZTA,USD
1682936888275.0,692,B,3000.0,2.904075,ZTA,USD
1682899924650.0,62,S,1000.0,2.896,ZTA,USD
1682976707475.0,1310,B,9000.0,2.943475,ZTA,USD
1682907846550.0,167,B,6000.0,2.9018,ZTA,USD
1683019694750.0,2118,B,1000.0,2.928875,ZTA,USD
1682939384025.0,741,S,5000.0,2.8928249999999998,ZTA,USD
1683051973475.0,2649,S,7000.0,2.920525,ZTA,USD
1683017170975.0,2067,B,10000.0,2.933025,ZTA,USD
1682994518675.0,1699,S,5000.0,2.9356999999999998,ZTA,USD
1682922536425.0,448,S,5000.0,2.91635,ZTA,USD
1682947266675.0,858,B,2000.0,2.8693250000000003,ZTA,USD
1682917432875.0,349,B,5000.0,2.9006499999999997,ZTA,USD
1682988878925.0,1585,B,1000.0,2.93785,ZTA,USD
1683002330550.0,1831,S,9000.0,2.9400749999999998,ZTA,USD
1683046742075.0,2544,S,1000.0,2.9201,ZTA,USD
1683008167850.0,1908,S,4000.0,2.9309250000000002,ZTA,USD
1683046714475.0,2541,B,8000.0,2.91985,ZTA,USD
1683027252875.0,2230,S,3000.0,2.929075,ZTA,USD
1683009368950.0,1922,S,10000.0,2.92475,ZTA,USD
1682897864875.0,32,S,8000.0,2.9012249999999997,ZTA,USD
1682956935525.0,1013,B,5000.0,2.900225,ZTA,USD
1682922350725.0,436,B,3000.0,2.91455,ZTA,USD
1683057916650.0,2779,S,7000.0,2.9223250000000003,ZTA,USD
1683053848950.0,2681,B,2000.0,2.90925,ZTA,USD
1682904383125.0,110,B,5000.0,2.9021,ZTA,USD
1683038323950.0,2376,S,3000.0,2.914425,ZTA,USD
1682912243250.0,246,S,9000.0,2.898025,ZTA,USD
1682993943250.0,1688,S,2000.0,2.9301999999999997,ZTA,USD
1683048230250.0,2580,B,8000.0,2.925825,ZTA,USD
1682929394625.0,554,B,3000.0,2.909225,ZTA,USD
1682899924550.0,61,S,4000.0,2.89605,ZTA,USD
1682947981350.0,880,S,5000.0,2.871925,ZTA,USD
1682942777275.0,798,B,1000.0,2.870975,ZTA,USD
1682926125625.0,505,B,7000.0,2.914825,ZTA,USD
1682921554975.0,418,B,4000.0,2.914225,ZTA,USD
1683062135750.0,2872,S,1000.0,2.93485,ZTA,USD
1683060949875.0,2850,S,3000.0,2.9288749999999997,ZTA,USD
1682987598050.0,1553,S,4000.0,2.933325,ZTA,USD
1683001833075.0,1824,B,2000.0,2.942375,ZTA,USD
1683011302075.0,1962,B,3000.0,2.9346,ZTA,USD
1682933375325.0,627,S,2000.0,2.914275,ZTA,USD
1683015245375.0,2018,B,7000.0,2.9375250000000004,ZTA,USD
1683014108125.0,1995,S,10000.0,2.934525,ZTA,USD
1682926345575.0,517,S,9000.0,2.910025,ZTA,USD
1683014807050.0,2011,S,8000.0,2.9341749999999998,ZTA,USD
1682933064675.0,624,S,4000.0,2.915625,ZTA,USD
1682935026525.0,660,B,9000.0,2.904275,ZTA,USD
1682945326850.0,840,S,3000.0,2.8697749999999997,ZTA,USD
1683012743050.0,1979,B,5000.0,2.9360250000000003,ZTA,USD
1683005330475.0,1864,B,7000.0,2.9406499999999998,ZTA,USD
1682978125175.0,1335,B,3000.0,2.952,ZTA,USD
1683054117875.0,2688,B,2000.0,2.90965,ZTA,USD
1683055146925.0,2726,B,6000.0,2.913275,ZTA,USD
1683057335950.0,2774,S,10000.0,2.9164250000000003,ZTA,USD
1682981065525.0,1401,B,8000.0,2.941525,ZTA,USD
1683024736375.0,2189,B,3000.0,2.927575,ZTA,USD
1682991512550.0,1632,B,8000.0,2.9336499999999996,ZTA,USD
1683034875775.0,2330,S,7000.0,2.910225,ZTA,USD
1683063090750.0,2885,S,5000.0,2.931625,ZTA,USD
1682965178025.0,1111,B,4000.0,2.955225,ZTA,USD
1683040568975.0,2425,S,2000.0,2.9164499999999998,ZTA,USD
1682956935975.0,1015,B,5000.0,2.900325,ZTA,USD
1683042528125.0,2483,B,9000.0,2.915975,ZTA,USD
1683012049775.0,1971,S,10000.0,2.932825,ZTA,USD
1683046341850.0,2531,S,4000.0,2.9198000000000004,ZTA,USD
1683053594350.0,2669,B,10000.0,2.91285,ZTA,USD
1683049605350.0,2607,S,1000.0,2.9322500000000002,ZTA,USD
1682934444325.0,653,S,2000.0,2.904925,ZTA,USD
1683015340250.0,2028,S,6000.0,2.9374249999999997,ZTA,USD
1683040328950.0,2420,B,10000.0,2.9179500000000003,ZTA,USD
1682923086350.0,456,B,2000.0,2.92055,ZTA,USD
1683015860150.0,2040,B,7000.0,2.934425,ZTA,USD
1682940700175.0,757,S,9000.0,2.880425,ZTA,USD
1683040868425.0,2426,S,4000.0,2.91385,ZTA,USD
1682917363175.0,345,S,10000.0,2.9000500000000002,ZTA,USD
1683005328550.0,1863,S,3000.0,2.94015,ZTA,USD
1683019244425.0,2110,S,1000.0,2.925475,ZTA,USD
1683058973450.0,2809,B,5000.0,2.9237499999999996,ZTA,USD
1682930386250.0,577,B,9000.0,2.9152750000000003,ZTA,USD
1683026863425.0,2221,S,6000.0,2.923625,ZTA,USD
1682950004150.0,910,S,9000.0,2.875325,ZTA,USD
1682951057550.0,928,S,10000.0,2.874775,ZTA,USD
1682972988350.0,1252,S,3000.0,2.95475,ZTA,USD
1683046743325.0,2548,S,6000.0,2.91975,ZTA,USD
1682995708775.0,1726,S,10000.0,2.944725,ZTA,USD
1683005445275.0,1871,S,9000.0,2.9405,ZTA,USD
1682935987250.0,680,B,5000.0,2.906575,ZTA,USD
1682992306750.0,1651,B,2000.0,2.932225,ZTA,USD
1683045236550.0,2508,B,4000.0,2.9208,ZTA,USD
1683062502125.0,2877,S,7000.0,2.9343,ZTA,USD
1683054987025.0,2719,S,9000.0,2.914625,ZTA,USD
1682980084450.0,1374,S,2000.0,2.9539,ZTA,USD
1682922378850.0,441,B,5000.0,2.9170000000000003,ZTA,USD
1682982978050.0,1419,S,1000.0,2.943975,ZTA,USD
1682945584275.0,842,S,9000.0,2.876175,ZTA,USD
1682903652175.0,106,B,4000.0,2.898625,ZTA,USD
1683036634775.0,2351,B,7000.0,2.913425,ZTA,USD
1683036454150.0,2349,B,3000.0,2.9167750000000003,ZTA,USD
1682994759275.0,1704,B,8000.0,2.9377750000000002,ZTA,USD
1682910621075.0,220,B,2000.0,2.90635,ZTA,USD
1682991512775.0,1633,B,10000.0,2.9337,ZTA,USD
1682932807950.0,611,S,7000.0,2.916375,ZTA,USD
1683062914350.0,2880,S,9000.0,2.932175,ZTA,USD
1682947541875.0,875,B,5000.0,2.874925,ZTA,USD
1683063461950.0,2892,S,7000.0,2.934225,ZTA,USD
1682969582850.0,1184,B,10000.0,2.94275,ZTA,USD
1683018593350.0,2098,S,4000.0,2.927775,ZTA,USD
1683055541875.0,2733,B,4000.0,2.9152750000000003,ZTA,USD
1682967345750.0,1141,S,1000.0,2.95205,ZTA,USD
1683059266525.0,2820,S,2000.0,2.92295,ZTA,USD
1683002395025.0,1833,S,6000.0,2.938775,ZTA,USD
1682942872575.0,803,S,4000.0,2.868525,ZTA,USD
1682992306475.0,1650,B,1000.0,2.932175,ZTA,USD
1682993764875.0,1676,S,6000.0,2.93195,ZTA,USD
1682944833425.0,832,B,3000.0,2.876075,ZTA,USD
1682983464050.0,1444,B,9000.0,2.9395000000000002,ZTA,USD
1682947981550.0,881,S,6000.0,2.8718749999999997,ZTA,USD
1683050969375.0,2625,B,2000.0,2.924825,ZTA,USD
1682994233825.0,1694,S,4000.0,2.93435,ZTA,USD
1682909781650.0,191,S,8000.0,2.902475,ZTA,USD
1682985781450.0,1503,S,2000.0,2.94545,ZTA,USD
1682905848350.0,124,S,4000.0,2.905525,ZTA,USD
1682938612450.0,727,B,3000.0,2.899875,ZTA,USD
1682922815575.0,452,B,3000.0,2.9158500000000003,ZTA,USD
1682983303575.0,1439,S,2000.0,2.9421,ZTA,USD
1682902417175.0,95,S,5000.0,2.90775,ZTA,USD
1683053747775.0,2677,S,5000.0,2.91005,ZTA,USD
1683041912150.0,2465,S,9000.0,2.91575,ZTA,USD
1683048755175.0,2591,B,6000.0,2.922975,ZTA,USD
1682923963875.0,472,S,1000.0,2.92755,ZTA,USD
1683045325875.0,2510,B,8000.0,2.92025,ZTA,USD
1683061967075.0,2861,S,2000.0,2.9341500000000003,ZTA,USD
1682922807950.0,451,B,1000.0,2.91525,ZTA,USD
1682932930475.0,621,B,7000.0,2.9156750000000002,ZTA,USD
1682913819575.0,274,B,2000.0,2.89705,ZTA,USD
1682986125275.0,1512,S,10000.0,2.945,ZTA,USD
1682993789175.0,1682,S,6000.0,2.93125,ZTA,USD
1682905874425.0,138,B,7000.0,2.906025,ZTA,USD
1683058948350.0,2804,B,1000.0,2.92305,ZTA,USD
1683010703775.0,1951,B,8000.0,2.92895,ZTA,USD
1682977381550.0,1317,S,9000.0,2.9516750000000003,ZTA,USD
1682984825625.0,1485,B,4000.0,2.945925,ZTA,USD
1683010389075.0,1949,B,7000.0,2.9279,ZTA,USD
1682989031025.0,1590,B,4000.0,2.9417999999999997,ZTA,USD
1683050966950.0,2624,B,8000.0,2.924275,ZTA,USD
1682915498975.0,310,S,4000.0,2.898075,ZTA,USD
1683056204125.0,2754,B,6000.0,2.91595,ZTA,USD
1682949627675.0,898,S,3000.0,2.870775,ZTA,USD
1682998956850.0,1772,S,7000.0,2.938625,ZTA,USD
1682938795675.0,733,S,6000.0,2.901575,ZTA,USD
1683014059275.0,1994,B,7000.0,2.9362250000000003,ZTA,USD
1682934444250.0,652,S,10000.0,2.9050249999999997,ZTA,USD
1682941685675.0,771,S,5000.0,2.878675,ZTA,USD
1683066741550.0,2945,B,6000.0,2.9472,ZTA,USD
1682908971575.0,182,S,7000.0,2.9080749999999997,ZTA,USD
1682913819725.0,275,B,6000.0,2.89715,ZTA,USD
1683008602225.0,1911,S,5000.0,2.9312,ZTA,USD
1682952357425.0,934,B,5000.0,2.878975,ZTA,USD
1682980360225.0,1386,B,4000.0,2.94735,ZTA,USD
1682931846050.0,596,S,8000.0,2.915175,ZTA,USD
1683041584225.0,2458,S,10000.0,2.9151499999999997,ZTA,USD
1682963994925.0,1097,S,2000.0,2.947,ZTA,USD
1682922291150.0,433,B,4000.0,2.9152,ZTA,USD
1682986697775.0,1519,S,8000.0,2.939725,ZTA,USD
1682935092775.0,664,B,6000.0,2.906825,ZTA,USD
1683018119750.0,2080,S,5000.0,2.934025,ZTA,USD
1682972388675.0,1242,B,10000.0,2.95505,ZTA,USD
1683057196750.0,2770,B,7000.0,2.9158,ZTA,USD
1683011035950.0,1957,S,7000.0,2.92835,ZTA,USD
1683060744150.0,2847,B,8000.0,2.927825,ZTA,USD
1683009050150.0,1914,S,8000.0,2.93045,ZTA,USD
1682990329725.0,1612,S,5000.0,2.9275249999999997,ZTA,USD
1682986125325.0,1513,S,2000.0,2.94495,ZTA,USD
1682993789775.0,1684,S,1000.0,2.9311499999999997,ZTA,USD
1682945986175.0,850,S,9000.0,2.871775,ZTA,USD
1682938796075.0,734,S,3000.0,2.901475,ZTA,USD
1683020864350.0,2131,S,1000.0,2.928675,ZTA,USD
1682943620225.0,814,B,4000.0,2.8733750000000002,ZTA,USD
1682938004750.0,716,S,6000.0,2.901475,ZTA,USD
1683019405225.0,2115,B,7000.0,2.9270750000000003,ZTA,USD
1683059266875.0,2821,S,5000.0,2.9228500000000004,ZTA,USD
1682920629525.0,413,S,9000.0,2.9137250000000003,ZTA,USD
1683055978825.0,2745,B,1000.0,2.9146,ZTA,USD
1682936359350.0,684,B,4000.0,2.903025,ZTA,USD
1682991508725.0,1628,B,6000.0,2.93275,ZTA,USD
1683055862675.0,2743,S,10000.0,2.9103,ZTA,USD
1682935498950.0,671,B,4000.0,2.910225,ZTA,USD
1683054727125.0,2708,B,8000.0,2.913075,ZTA,USD
1682914697750.0,298,B,4000.0,2.8924,ZTA,USD
1682962758425.0,1081,B,6000.0,2.93005,ZTA,USD
1682989488825.0,1602,S,3000.0,2.935775,ZTA,USD
1683043636450.0,2495,B,6000.0,2.919275,ZTA,USD
1682897656450.0,30,S,4000.0,2.9047,ZTA,USD
1682966297925.0,1134,S,1000.0,2.9519,ZTA,USD
1682911575650.0,236,B,1000.0,2.898975,ZTA,USD
1682931845850.0,595,S,10000.0,2.915275,ZTA,USD
1683022760875.0,2160,S,1000.0,2.928525,ZTA,USD
1683011855250.0,1965,B,10000.0,2.9387250000000003,ZTA,USD
1682937287850.0,706,S,5000.0,2.902975,ZTA,USD
1682922350550.0,434,B,4000.0,2.91445,ZTA,USD
1683018822750.0,2104,S,5000.0,2.923375,ZTA,USD
1682909844375.0,200,S,3000.0,2.9035,ZTA,USD
1683054987275.0,2721,S,7000.0,2.914475,ZTA,USD
1683067060850.0,2953,B,10000.0,2.9444500000000002,ZTA,USD
1683018376175.0,2088,S,3000.0,2.933075,ZTA,USD
1682928535450.0,546,S,6000.0,2.8989249999999998,ZTA,USD
1683068211975.0,2969,S,4000.0,2.949525,ZTA,USD
1683051751525.0,2643,S,3000.0,2.922275,ZTA,USD
1683042460075.0,2482,B,4000.0,2.915825,ZTA,USD
1682996652050.0,1739,B,5000.0,2.9401,ZTA,USD
1682989330850.0,1594,S,3000.0,2.9387749999999997,ZTA,USD
1682984804050.0,1479,S,7000.0,2.9471749999999997,ZTA,USD
1682989411850.0,1598,B,1000.0,2.937975,ZTA,USD
1683048725475.0,2590,B,5000.0,2.923125,ZTA,USD
1683027683775.0,2235,B,7000.0,2.9280250000000003,ZTA,USD
1683001833575.0,1826,B,2000.0,2.9425250000000003,ZTA,USD
1682963012550.0,1087,S,2000.0,2.932,ZTA,USD
1683052310050.0,2652,S,7000.0,2.9236750000000002,ZTA,USD
1682943685375.0,816,B,6000.0,2.872325,ZTA,USD
1682944025850.0,821,S,4000.0,2.874225,ZTA,USD
1682908027875.0,172,B,1000.0,2.9031000000000002,ZTA,USD
1682974145950.0,1269,S,9000.0,2.962475,ZTA,USD
1683016575075.0,2051,B,5000.0,2.9383250000000003,ZTA,USD
1682988053050.0,1562,B,8000.0,2.9314999999999998,ZTA,USD
1682980008675.0,1370,S,2000.0,2.9532499999999997,ZTA,USD
1682960218150.0,1058,B,10000.0,2.92095,ZTA,USD
1682990715075.0,1617,S,5000.0,2.9286000000000003,ZTA,USD
1682909859950.0,201,S,4000.0,2.90325,ZTA,USD
1683025557575.0,2200,B,1000.0,2.9230750000000003,ZTA,USD
1682971542025.0,1224,S,2000.0,2.953725,ZTA,USD
1682950896850.0,924,B,9000.0,2.876925,ZTA,USD
1683022437275.0,2151,S,3000.0,2.928375,ZTA,USD
1682994278950.0,1695,S,1000.0,2.93525,ZTA,USD
1683045371475.0,2511,B,9000.0,2.9213999999999998,ZTA,USD
1682938878775.0,736,S,2000.0,2.901575,ZTA,USD
1682965465025.0,1119,S,3000.0,2.953875,ZTA,USD
1683023544675.0,2177,B,7000.0,2.927525,ZTA,USD
1682928535075.0,545,S,10000.0,2.898975,ZTA,USD
1683025785050.0,2202,B,5000.0,2.925475,ZTA,USD
1683038514550.0,2383,S,10000.0,2.913775,ZTA,USD
1683058214475.0,2786,B,9000.0,2.923525,ZTA,USD
1682947542425.0,876,B,5000.0,2.874975,ZTA,USD
1682932808425.0,613,S,6000.0,2.916175,ZTA,USD
1682935026150.0,658,B,9000.0,2.904125,ZTA,USD
1683050990550.0,2628,B,10000.0,2.9259749999999998,ZTA,USD
1682964993075.0,1110,B,4000.0,2.953975,ZTA,USD
1682900885725.0,77,B,2000.0,2.909025,ZTA,USD
1682954545025.0,961,B,10000.0,2.8979,ZTA,USD
1682983154425.0,1428,B,3000.0,2.9424,ZTA,USD
1683012816425.0,1980,B,5000.0,2.935925,ZTA,USD
1682981197125.0,1403,B,8000.0,2.941675,ZTA,USD
1682924003275.0,479,S,7000.0,2.9261999999999997,ZTA,USD
1682938382275.0,724,B,5000.0,2.9032250000000004,ZTA,USD
1683024245875.0,2186,S,4000.0,2.921075,ZTA,USD
1682905847950.0,123,S,1000.0,2.905625,ZTA,USD
1682986714775.0,1527,S,2000.0,2.9392750000000003,ZTA,USD
1682988114950.0,1563,B,10000.0,2.93115,ZTA,USD
1683058338250.0,2793,S,3000.0,2.923425,ZTA,USD
1682987093150.0,1543,S,1000.0,2.938475,ZTA,USD
1682941878050.0,778,S,7000.0,2.876025,ZTA,USD
1682967680350.0,1145,S,6000.0,2.9541,ZTA,USD
1682982648675.0,1415,S,4000.0,2.948175,ZTA,USD
1682914899425.0,303,S,4000.0,2.8963,ZTA,USD
1682954956575.0,978,B,2000.0,2.89995,ZTA,USD
1682921870925.0,420,B,2000.0,2.914425,ZTA,USD
1682999315975.0,1778,S,8000.0,2.935425,ZTA,USD
1682999854250.0,1801,B,2000.0,2.93765,ZTA,USD
1682968514625.0,1164,B,2000.0,2.947725,ZTA,USD
1682919580175.0,391,B,9000.0,2.907125,ZTA,USD
1682898212450.0,37,S,3000.0,2.898275,ZTA,USD
1682942339575.0,791,S,4000.0,2.874575,ZTA,USD
1683028770350.0,2253,B,1000.0,2.916875,ZTA,USD
1682896337275.0,15,S,7000.0,2.901925,ZTA,USD
1682988728325.0,1574,B,7000.0,2.9349,ZTA,USD
1682927943350.0,527,S,7000.0,2.899075,ZTA,USD
1682976296525.0,1302,S,2000.0,2.947725,ZTA,USD
1682919648050.0,394,S,9000.0,2.906225,ZTA,USD
1683009347650.0,1919,S,7000.0,2.9246499999999997,ZTA,USD
1682950217250.0,916,B,8000.0,2.8796250000000003,ZTA,USD
1683007275175.0,1897,S,7000.0,2.9280250000000003,ZTA,USD
1682967987175.0,1155,B,4000.0,2.952475,ZTA,USD
1682956447750.0,1011,S,3000.0,2.9019250000000003,ZTA,USD
1682996052175.0,1730,B,3000.0,2.9422750000000004,ZTA,USD
1683040960450.0,2430,B,10000.0,2.9158500000000003,ZTA,USD
1683067033975.0,2950,S,7000.0,2.9465,ZTA,USD
1683015577825.0,2034,B,4000.0,2.935175,ZTA,USD
1682921818125.0,419,B,5000.0,2.912675,ZTA,USD
1683047383075.0,2563,B,1000.0,2.922575,ZTA,USD
1682992719775.0,1660,B,4000.0,2.933125,ZTA,USD
1682994061125.0,1690,B,3000.0,2.9327,ZTA,USD
1683046952350.0,2553,B,5000.0,2.924275,ZTA,USD
1682926196825.0,507,B,7000.0,2.914375,ZTA,USD
1683049605850.0,2611,S,7000.0,2.9320500000000003,ZTA,USD
1683046741025.0,2543,S,8000.0,2.92015,ZTA,USD
1682931428225.0,582,S,7000.0,2.9139749999999998,ZTA,USD
1683018411450.0,2091,B,1000.0,2.932325,ZTA,USD
1682999772550.0,1795,B,1000.0,2.9370499999999997,ZTA,USD
1682983154775.0,1429,B,7000.0,2.94245,ZTA,USD
1682912942125.0,257,S,3000.0,2.897225,ZTA,USD
1682999316075.0,1779,S,2000.0,2.935375,ZTA,USD
1682975195550.0,1287,B,4000.0,2.9554,ZTA,USD
1682933375225.0,626,S,7000.0,2.914325,ZTA,USD
1682935778125.0,675,S,10000.0,2.908675,ZTA,USD
1682990769575.0,1620,S,7000.0,2.9295500000000003,ZTA,USD
1682989772350.0,1605,B,6000.0,2.932625,ZTA,USD
1682910333250.0,209,B,1000.0,2.9055,ZTA,USD
1682924395975.0,484,B,10000.0,2.9277,ZTA,USD
1682978962050.0,1353,B,9000.0,2.9498249999999997,ZTA,USD
1682920720150.0,415,S,8000.0,2.911325,ZTA,USD
1683028506650.0,2251,B,1000.0,2.918075,ZTA,USD
1682937322525.0,709,S,10000.0,2.902975,ZTA,USD
1682928807875.0,550,S,9000.0,2.9027249999999998,ZTA,USD
1683005935025.0,1880,S,4000.0,2.9345250000000003,ZTA,USD
1683045503750.0,2513,B,8000.0,2.9248499999999997,ZTA,USD
1683052053075.0,2650,B,7000.0,2.923425,ZTA,USD
1682988728475.0,1575,B,2000.0,2.9349499999999997,ZTA,USD
1682965590375.0,1123,B,6000.0,2.955675,ZTA,USD
1682917363225.0,346,S,9000.0,2.89995,ZTA,USD
1683011135525.0,1959,B,1000.0,2.92835,ZTA,USD
1683064297425.0,2909,B,4000.0,2.9381,ZTA,USD
1683053627725.0,2671,S,1000.0,2.91405,ZTA,USD
1683058144750.0,2783,B,8000.0,2.926075,ZTA,USD
1683051053525.0,2629,S,3000.0,2.9270750000000003,ZTA,USD
1683018050325.0,2077,B,1000.0,2.9345250000000003,ZTA,USD
1682996039675.0,1728,B,1000.0,2.942375,ZTA,USD
1683017349750.0,2071,S,2000.0,2.931925,ZTA,USD
1682918249750.0,356,B,7000.0,2.90415,ZTA,USD
1682909860125.0,202,S,4000.0,2.90315,ZTA,USD
1683037813675.0,2364,S,5000.0,2.910775,ZTA,USD
1682984805325.0,1483,S,4000.0,2.946825,ZTA,USD
1683046610375.0,2540,B,9000.0,2.9204499999999998,ZTA,USD
1682998070425.0,1761,B,4000.0,2.940225,ZTA,USD
1683025039725.0,2195,S,1000.0,2.925175,ZTA,USD
1682898214675.0,38,S,9000.0,2.897725,ZTA,USD
1682960963375.0,1069,S,9000.0,2.924925,ZTA,USD
1683043016125.0,2489,B,3000.0,2.912725,ZTA,USD
1682992719950.0,1661,B,1000.0,2.933225,ZTA,USD
1682965427950.0,1117,S,5000.0,2.954025,ZTA,USD
1682924902375.0,490,B,2000.0,2.91905,ZTA,USD
1682926220650.0,509,S,4000.0,2.912925,ZTA,USD
1683014371050.0,1999,B,10000.0,2.9360250000000003,ZTA,USD
1682970759625.0,1208,S,6000.0,2.9446,ZTA,USD
1683039804925.0,2413,S,1000.0,2.91385,ZTA,USD
1682907963375.0,168,B,10000.0,2.9028,ZTA,USD
1682923965375.0,476,S,9000.0,2.9273,ZTA,USD
1683022366725.0,2147,B,7000.0,2.927025,ZTA,USD
1682928159425.0,539,S,7000.0,2.900775,ZTA,USD
1683026614325.0,2218,S,8000.0,2.925675,ZTA,USD
1683062418025.0,2874,B,9000.0,2.9345,ZTA,USD
1682917238875.0,338,S,5000.0,2.9022,ZTA,USD
1682919729275.0,395,B,6000.0,2.906525,ZTA,USD
1683015245450.0,2019,B,3000.0,2.9375750000000003,ZTA,USD
1683026014750.0,2204,S,5000.0,2.927625,ZTA,USD
1682896337350.0,16,S,4000.0,2.901875,ZTA,USD
1682970266675.0,1201,B,3000.0,2.94395,ZTA,USD
1682919887050.0,397,B,9000.0,2.907125,ZTA,USD
1682910621325.0,221,B,2000.0,2.9064,ZTA,USD
1683036356450.0,2347,B,10000.0,2.9163750000000004,ZTA,USD
1682940969725.0,761,B,3000.0,2.879375,ZTA,USD
1682987782050.0,1555,B,3000.0,2.931625,ZTA,USD
1682915012050.0,305,S,9000.0,2.89615,ZTA,USD
1683038804950.0,2391,B,3000.0,2.913975,ZTA,USD
1682980466150.0,1387,S,4000.0,2.9480999999999997,ZTA,USD
1682919595325.0,392,S,1000.0,2.9076250000000003,ZTA,USD
1682949730825.0,905,B,3000.0,2.8733250000000004,ZTA,USD
1683041583975.0,2456,S,1000.0,2.9153499999999997,ZTA,USD
1683053895175.0,2684,B,1000.0,2.90955,ZTA,USD
1683046342275.0,2533,S,3000.0,2.9196000000000004,ZTA,USD
1683048406950.0,2584,S,1000.0,2.9231249999999998,ZTA,USD
1682978734950.0,1352,B,8000.0,2.951425,ZTA,USD
1683065097250.0,2919,B,7000.0,2.943875,ZTA,USD
1683039795550.0,2412,B,1000.0,2.91485,ZTA,USD
1682984511975.0,1471,B,5000.0,2.949725,ZTA,USD
1682971541650.0,1223,S,6000.0,2.9537750000000003,ZTA,USD
1682975119625.0,1284,B,5000.0,2.95425,ZTA,USD
1682988878725.0,1584,B,10000.0,2.93775,ZTA,USD
1683046337250.0,2530,B,8000.0,2.9200999999999997,ZTA,USD
1683005444725.0,1869,S,5000.0,2.9406000000000003,ZTA,USD
1682912243350.0,247,S,9000.0,2.8979250000000003,ZTA,USD
1683040568525.0,2424,S,6000.0,2.91655,ZTA,USD
1683005445750.0,1874,S,2000.0,2.9402500000000003,ZTA,USD
1683041596275.0,2459,S,3000.0,2.9149499999999997,ZTA,USD
1682984803825.0,1478,S,5000.0,2.947275,ZTA,USD
1683018446175.0,2093,B,5000.0,2.932375,ZTA,USD
1682959933575.0,1055,S,4000.0,2.9204000000000003,ZTA,USD
1682909808875.0,194,B,6000.0,2.902575,ZTA,USD
1682949463350.0,896,S,7000.0,2.869925,ZTA,USD
1682918993150.0,377,B,2000.0,2.90825,ZTA,USD
1682943790675.0,820,S,8000.0,2.871975,ZTA,USD
1682914244875.0,282,S,10000.0,2.89615,ZTA,USD
1683028944525.0,2254,B,3000.0,2.9137750000000002,ZTA,USD
1682905869875.0,136,B,6000.0,2.905425,ZTA,USD
1682941123850.0,764,S,4000.0,2.875925,ZTA,USD
1682922384425.0,443,S,2000.0,2.9162,ZTA,USD
1683027932725.0,2246,S,3000.0,2.926075,ZTA,USD
1682993790125.0,1686,S,4000.0,2.931,ZTA,USD
1682996613250.0,1736,B,9000.0,2.93995,ZTA,USD
1682999316125.0,1780,S,7000.0,2.9352750000000003,ZTA,USD
1683055989825.0,2750,S,2000.0,2.9139,ZTA,USD
1682895857725.0,4,B,7000.0,2.903875,ZTA,USD
1682984511275.0,1469,B,1000.0,2.949575,ZTA,USD
1682978124925.0,1333,B,3000.0,2.95185,ZTA,USD
1683059612725.0,2831,B,9000.0,2.9257999999999997,ZTA,USD
1682960527875.0,1061,B,2000.0,2.921075,ZTA,USD
1682938382450.0,725,B,1000.0,2.9032750000000003,ZTA,USD
1683012050175.0,1973,S,2000.0,2.932725,ZTA,USD
1682901434950.0,88,S,5000.0,2.9096,ZTA,USD
1682933654525.0,636,S,10000.0,2.910275,ZTA,USD
1683034659275.0,2319,B,10000.0,2.911775,ZTA,USD
1682940316575.0,750,B,5000.0,2.8823250000000002,ZTA,USD
1683067033650.0,2949,S,7000.0,2.94655,ZTA,USD
1683020864125.0,2130,S,3000.0,2.928725,ZTA,USD
1682938078475.0,721,B,2000.0,2.9015750000000002,ZTA,USD
1683037767825.0,2362,B,1000.0,2.9103250000000003,ZTA,USD
1682939791075.0,744,S,10000.0,2.890075,ZTA,USD
1683065448575.0,2923,B,7000.0,2.942525,ZTA,USD
1682947624250.0,879,S,3000.0,2.874075,ZTA,USD
1683010196225.0,1936,B,7000.0,2.9264,ZTA,USD
1682940699525.0,754,S,6000.0,2.8806249999999998,ZTA,USD
1683009991575.0,1933,B,9000.0,2.92475,ZTA,USD
1682938790725.0,732,B,6000.0,2.9023250000000003,ZTA,USD
1682916574750.0,324,S,10000.0,2.900725,ZTA,USD
1682930186475.0,569,B,4000.0,2.917625,ZTA,USD
1682933475625.0,628,S,4000.0,2.911775,ZTA,USD
1682933807075.0,640,S,2000.0,2.909825,ZTA,USD
1682957235850.0,1020,B,6000.0,2.905275,ZTA,USD
1682983244625.0,1436,B,7000.0,2.94095,ZTA,USD
1682967728375.0,1147,S,1000.0,2.95225,ZTA,USD
1682994518150.0,1696,S,4000.0,2.93595,ZTA,USD
1683019313425.0,2112,B,6000.0,2.925225,ZTA,USD
1683036239925.0,2343,S,9000.0,2.917325,ZTA,USD
1682950078325.0,914,S,10000.0,2.875925,ZTA,USD
1683054361825.0,2698,B,1000.0,2.912325,ZTA,USD
1682901393025.0,84,B,3000.0,2.9082,ZTA,USD
1682932940750.0,623,B,6000.0,2.915975,ZTA,USD
1682926196975.0,508,B,9000.0,2.914425,ZTA,USD
1682984826550.0,1492,B,1000.0,2.946325,ZTA,USD
1683016212850.0,2048,S,4000.0,2.935475,ZTA,USD
1682938686850.0,730,B,6000.0,2.900275,ZTA,USD
1682953215950.0,947,B,9000.0,2.8813,ZTA,USD
1682998574775.0,1766,S,4000.0,2.9379750000000002,ZTA,USD
1682913295150.0,268,S,6000.0,2.8978,ZTA,USD
1682985769425.0,1501,S,6000.0,2.94565,ZTA,USD
1682928159275.0,538,S,6000.0,2.9008249999999998,ZTA,USD
1683017170350.0,2065,B,10000.0,2.932925,ZTA,USD
1683053532175.0,2667,S,10000.0,2.91355,ZTA,USD
1682994518525.0,1698,S,5000.0,2.9358,ZTA,USD
1683011135450.0,1958,B,3000.0,2.9282500000000002,ZTA,USD
1682935185475.0,666,S,9000.0,2.905825,ZTA,USD
1683029104925.0,2258,B,3000.0,2.9125750000000004,ZTA,USD
1683062914525.0,2881,S,9000.0,2.932125,ZTA,USD
1682979400050.0,1358,S,3000.0,2.9541749999999998,ZTA,USD
1683012742575.0,1977,B,1000.0,2.935925,ZTA,USD
1682983244925.0,1437,B,6000.0,2.9410000000000003,ZTA,USD
1683030070375.0,2270,B,3000.0,2.9116750000000002,ZTA,USD
1682916779275.0,328,B,1000.0,2.9030250000000004,ZTA,USD
1683046952425.0,2554,B,8000.0,2.9243750000000004,ZTA,USD
1682957007275.0,1019,B,2000.0,2.903225,ZTA,USD
1682954703775.0,967,S,7000.0,2.8973,ZTA,USD
1683018119550.0,2079,S,9000.0,2.934075,ZTA,USD
1682918315050.0,359,B,2000.0,2.9038999999999997,ZTA,USD
1683047053050.0,2555,S,2000.0,2.922325,ZTA,USD
1683031472375.0,2286,B,6000.0,2.908525,ZTA,USD
1682968514025.0,1162,B,4000.0,2.947575,ZTA,USD
1683014988475.0,2015,S,9000.0,2.934625,ZTA,USD
1683022097050.0,2141,B,2000.0,2.9230750000000003,ZTA,USD
1683007096850.0,1889,B,4000.0,2.927825,ZTA,USD
1683013452975.0,1988,B,2000.0,2.935375,ZTA,USD
1682922536375.0,447,S,7000.0,2.9164,ZTA,USD
1682975195775.0,1288,B,6000.0,2.9555,ZTA,USD
1683045012025.0,2505,S,1000.0,2.92105,ZTA,USD
1682942561775.0,795,B,1000.0,2.874175,ZTA,USD
1682945211825.0,839,S,7000.0,2.8714749999999998,ZTA,USD
1683057578475.0,2776,B,6000.0,2.919275,ZTA,USD
1683003113175.0,1838,S,8000.0,2.9397249999999997,ZTA,USD
1683035266875.0,2331,B,2000.0,2.911525,ZTA,USD
1682971417975.0,1220,B,6000.0,2.951325,ZTA,USD
1683057993050.0,2781,B,9000.0,2.923425,ZTA,USD
1682967345675.0,1140,S,1000.0,2.9521,ZTA,USD
1682991512425.0,1631,B,2000.0,2.93355,ZTA,USD
1682942269050.0,790,B,6000.0,2.876825,ZTA,USD
1682966297750.0,1132,S,5000.0,2.9521,ZTA,USD
1683045548675.0,2514,S,2000.0,2.9254000000000002,ZTA,USD
1682910412375.0,214,S,10000.0,2.9074,ZTA,USD
1682965957050.0,1126,B,5000.0,2.952075,ZTA,USD
1682914492375.0,291,B,9000.0,2.89425,ZTA,USD
1683048756325.0,2593,B,1000.0,2.9230750000000003,ZTA,USD
1683054726625.0,2706,B,3000.0,2.9129250000000004,ZTA,USD
1682941877725.0,776,S,8000.0,2.876175,ZTA,USD
1683006530525.0,1883,S,2000.0,2.929875,ZTA,USD
1682988663575.0,1572,S,9000.0,2.9359,ZTA,USD
1682942120150.0,788,S,9000.0,2.8775749999999998,ZTA,USD
1682898425650.0,43,S,7000.0,2.8955249999999997,ZTA,USD
1683067263725.0,2957,B,1000.0,2.9461,ZTA,USD
1683019851275.0,2120,B,6000.0,2.930975,ZTA,USD
1683041507775.0,2453,S,9000.0,2.9141999999999997,ZTA,USD
1682971314925.0,1213,B,8000.0,2.950475,ZTA,USD
1682979430325.0,1359,S,7000.0,2.9532749999999997,ZTA,USD
1682934382050.0,647,S,2000.0,2.904675,ZTA,USD
1682933475875.0,629,S,4000.0,2.911725,ZTA,USD
1683061393325.0,2857,S,8000.0,2.92895,ZTA,USD
1682909808725.0,193,B,2000.0,2.9024750000000004,ZTA,USD
1682999853975.0,1800,B,6000.0,2.93755,ZTA,USD
1682909072425.0,186,S,2000.0,2.907475,ZTA,USD
1683026572350.0,2212,S,5000.0,2.927275,ZTA,USD
1682925932725.0,501,S,5000.0,2.917775,ZTA,USD
1682918571950.0,370,B,3000.0,2.9055,ZTA,USD
1682937041475.0,701,B,1000.0,2.902725,ZTA,USD
1682920478575.0,408,B,2000.0,2.914575,ZTA,USD
1682991974450.0,1643,B,10000.0,2.929675,ZTA,USD
1682903020725.0,100,S,3000.0,2.9027249999999998,ZTA,USD
1683039416450.0,2398,S,5000.0,2.91765,ZTA,USD
1682900537275.0,71,B,8000.0,2.900525,ZTA,USD
1682947325625.0,860,S,9000.0,2.870375,ZTA,USD
1683054748750.0,2711,S,3000.0,2.912875,ZTA,USD
1682983680375.0,1449,B,8000.0,2.9415,ZTA,USD
1682928196025.0,540,S,10000.0,2.899725,ZTA,USD
1683029454375.0,2263,S,3000.0,2.909775,ZTA,USD
1682975196150.0,1290,B,10000.0,2.95565,ZTA,USD
1682995013725.0,1711,S,5000.0,2.943475,ZTA,USD
1683017054025.0,2059,S,4000.0,2.930975,ZTA,USD
1682996039850.0,1729,B,4000.0,2.942425,ZTA,USD
1683015328625.0,2025,B,1000.0,2.938275,ZTA,USD
1682994026125.0,1689,B,7000.0,2.93215,ZTA,USD
1682956153950.0,998,S,7000.0,2.9025250000000002,ZTA,USD
1683063461850.0,2891,S,4000.0,2.934275,ZTA,USD
1683010280075.0,1944,S,1000.0,2.92775,ZTA,USD
1683038233850.0,2372,S,1000.0,2.915925,ZTA,USD
1682991453550.0,1626,B,10000.0,2.9321499999999996,ZTA,USD
1682973000975.0,1258,S,8000.0,2.9533500000000004,ZTA,USD
1683063415550.0,2889,S,10000.0,2.934575,ZTA,USD
1683010352075.0,1948,S,6000.0,2.9271,ZTA,USD
1682969967625.0,1198,S,6000.0,2.9452,ZTA,USD
1683054361250.0,2695,B,1000.0,2.912125,ZTA,USD
1683054222150.0,2692,B,10000.0,2.908875,ZTA,USD
1682901229775.0,81,B,2000.0,2.909275,ZTA,USD
1683063197625.0,2888,B,4000.0,2.930975,ZTA,USD
1683049405375.0,2606,S,10000.0,2.92925,ZTA,USD
1683038324050.0,2377,S,6000.0,2.914375,ZTA,USD
1682914864950.0,299,S,7000.0,2.89725,ZTA,USD
1683001833475.0,1825,B,8000.0,2.942425,ZTA,USD
1682983049550.0,1421,B,6000.0,2.941675,ZTA,USD
1683014431225.0,2003,B,1000.0,2.9346750000000004,ZTA,USD
1682993764950.0,1677,S,4000.0,2.93185,ZTA,USD
1683020428425.0,2124,S,6000.0,2.928325,ZTA,USD
1683004104650.0,1849,S,9000.0,2.9474,ZTA,USD
1683040961275.0,2434,B,8000.0,2.9161,ZTA,USD
1683031472150.0,2285,B,9000.0,2.9084250000000003,ZTA,USD
1682918315675.0,360,B,4000.0,2.904,ZTA,USD
1682971417875.0,1219,B,4000.0,2.951225,ZTA,USD
1682982601675.0,1410,B,9000.0,2.945825,ZTA,USD
1682947068850.0,856,S,1000.0,2.869725,ZTA,USD
1682991508825.0,1629,B,4000.0,2.9328,ZTA,USD
1683038647975.0,2388,S,2000.0,2.914625,ZTA,USD
1682898454675.0,44,S,8000.0,2.895275,ZTA,USD
1682930236150.0,574,S,2000.0,2.916325,ZTA,USD
1682899827175.0,52,S,9000.0,2.8939,ZTA,USD
1682948662975.0,890,S,4000.0,2.871925,ZTA,USD
1683036327450.0,2344,B,4000.0,2.916075,ZTA,USD
1682976295925.0,1300,S,4000.0,2.9478750000000002,ZTA,USD
1682982156275.0,1407,B,9000.0,2.945475,ZTA,USD
1682919998875.0,402,S,10000.0,2.910425,ZTA,USD
1683017274950.0,2068,S,5000.0,2.933275,ZTA,USD
1683054221875.0,2691,B,6000.0,2.9087750000000003,ZTA,USD
1682921987375.0,429,B,6000.0,2.914425,ZTA,USD
1683013290125.0,1985,B,4000.0,2.935375,ZTA,USD
1683055541675.0,2732,B,7000.0,2.915175,ZTA,USD
1682906280750.0,150,B,9000.0,2.908975,ZTA,USD
1682913246125.0,267,B,4000.0,2.8984,ZTA,USD
1682990123525.0,1607,B,3000.0,2.9290749999999997,ZTA,USD
1683010734575.0,1953,S,7000.0,2.9269,ZTA,USD
1682980359875.0,1385,B,3000.0,2.9472500000000004,ZTA,USD
1682897789375.0,31,S,5000.0,2.90055,ZTA,USD
1682951056950.0,926,S,4000.0,2.874875,ZTA,USD
1683042390575.0,2479,S,7000.0,2.917075,ZTA,USD
1683038933675.0,2392,S,3000.0,2.9148,ZTA,USD
1683056716150.0,2763,S,8000.0,2.91375,ZTA,USD
1683010197750.0,1942,B,1000.0,2.9267000000000003,ZTA,USD
1682928046525.0,535,B,10000.0,2.901225,ZTA,USD
1683041015150.0,2435,B,2000.0,2.9168000000000003,ZTA,USD
1683045236450.0,2507,B,4000.0,2.9206999999999996,ZTA,USD
1683040960250.0,2429,B,2000.0,2.91575,ZTA,USD
1683059023450.0,2811,B,9000.0,2.92415,ZTA,USD
1682977484025.0,1320,S,3000.0,2.9522,ZTA,USD
1682980084375.0,1373,S,6000.0,2.95395,ZTA,USD
1683058676975.0,2795,B,5000.0,2.9252,ZTA,USD
1682997954450.0,1754,B,10000.0,2.941825,ZTA,USD
1682980319975.0,1382,S,8000.0,2.9488999999999996,ZTA,USD
1683054221125.0,2690,B,9000.0,2.908675,ZTA,USD
1682906443725.0,152,B,6000.0,2.910425,ZTA,USD
1683004011350.0,1847,S,1000.0,2.947,ZTA,USD
1682984826150.0,1488,B,10000.0,2.946125,ZTA,USD
1682909682925.0,188,S,1000.0,2.903775,ZTA,USD
1682900401450.0,65,B,9000.0,2.901325,ZTA,USD
1682941877550.0,774,S,3000.0,2.876325,ZTA,USD
1683020588175.0,2126,B,3000.0,2.929025,ZTA,USD
1682911987075.0,242,S,1000.0,2.900375,ZTA,USD
1682942099075.0,786,B,3000.0,2.878175,ZTA,USD
1682912382325.0,250,B,6000.0,2.897725,ZTA,USD
1682983679925.0,1448,B,3000.0,2.94145,ZTA,USD
1682966531425.0,1138,S,5000.0,2.9495999999999998,ZTA,USD
1682991678325.0,1636,B,7000.0,2.9295999999999998,ZTA,USD
1682988235675.0,1566,S,1000.0,2.93275,ZTA,USD
1682945199825.0,838,S,9000.0,2.872575,ZTA,USD
1683062062375.0,2862,B,9000.0,2.9330499999999997,ZTA,USD
1682954780375.0,974,B,5000.0,2.8970000000000002,ZTA,USD
1682994233350.0,1692,S,2000.0,2.9345,ZTA,USD
1683043440425.0,2494,S,8000.0,2.9137750000000002,ZTA,USD
1682987083875.0,1536,B,1000.0,2.9377750000000002,ZTA,USD
1683048839575.0,2599,B,9000.0,2.922825,ZTA,USD
1682915571525.0,312,B,1000.0,2.8967750000000003,ZTA,USD
1683038647750.0,2387,S,3000.0,2.914725,ZTA,USD
1682984826050.0,1487,B,7000.0,2.946075,ZTA,USD
1683023373425.0,2171,B,1000.0,2.927775,ZTA,USD
1682980963375.0,1395,S,8000.0,2.9436750000000003,ZTA,USD
1683040960525.0,2431,B,3000.0,2.9159,ZTA,USD
1682936342650.0,683,B,10000.0,2.903525,ZTA,USD
1682898422075.0,40,S,8000.0,2.8960749999999997,ZTA,USD
1682932896275.0,619,S,5000.0,2.914625,ZTA,USD
1683020226975.0,2121,S,7000.0,2.929875,ZTA,USD
1682969405475.0,1180,B,1000.0,2.9436,ZTA,USD
1683060699950.0,2844,B,6000.0,2.928375,ZTA,USD
1682954809425.0,975,B,6000.0,2.89875,ZTA,USD
1683036634425.0,2350,B,9000.0,2.9133750000000003,ZTA,USD
1682911539525.0,229,S,3000.0,2.900075,ZTA,USD
1682923962550.0,468,S,8000.0,2.9278999999999997,ZTA,USD
1682950683375.0,923,S,4000.0,2.879425,ZTA,USD
1683023373775.0,2173,B,1000.0,2.9278750000000002,ZTA,USD
1683045924250.0,2519,S,5000.0,2.9207500000000004,ZTA,USD
1682923156375.0,459,S,1000.0,2.921,ZTA,USD
1682969874775.0,1191,S,5000.0,2.9474,ZTA,USD
1682941703225.0,772,S,10000.0,2.877675,ZTA,USD
1683061350125.0,2854,S,10000.0,2.92905,ZTA,USD
1682960866075.0,1068,B,10000.0,2.9236250000000004,ZTA,USD
1682935092825.0,665,B,5000.0,2.9068750000000003,ZTA,USD
1683000472550.0,1809,B,4000.0,2.9402,ZTA,USD
1682993790225.0,1687,S,4000.0,2.9309499999999997,ZTA,USD
1682911539875.0,231,S,2000.0,2.899975,ZTA,USD
1683042762675.0,2486,B,3000.0,2.916325,ZTA,USD
1683038933825.0,2394,S,3000.0,2.9146,ZTA,USD
1682958257450.0,1035,B,5000.0,2.9067,ZTA,USD
1683047755675.0,2570,S,5000.0,2.921475,ZTA,USD
1682912243050.0,245,S,8000.0,2.8981250000000003,ZTA,USD
1682957584050.0,1023,S,8000.0,2.9047750000000003,ZTA,USD
1682909808925.0,195,B,8000.0,2.9026750000000003,ZTA,USD
1682988504925.0,1568,S,10000.0,2.9343,ZTA,USD
1682965309675.0,1114,B,3000.0,2.956775,ZTA,USD
1683059119250.0,2815,S,5000.0,2.9238500000000003,ZTA,USD
1682987083750.0,1535,B,5000.0,2.937725,ZTA,USD
1683020298575.0,2122,B,4000.0,2.929975,ZTA,USD
1683021118050.0,2136,S,6000.0,2.926325,ZTA,USD
1682962786875.0,1083,B,4000.0,2.9311,ZTA,USD
1682906179275.0,144,B,2000.0,2.906475,ZTA,USD
1682965502350.0,1120,S,6000.0,2.9541250000000003,ZTA,USD
1682972390775.0,1244,S,10000.0,2.9551000000000003,ZTA,USD
1682974333175.0,1272,B,6000.0,2.9593749999999996,ZTA,USD
1683033791375.0,2315,S,1000.0,2.907725,ZTA,USD
1682980008950.0,1372,S,6000.0,2.9531,ZTA,USD
1683028506925.0,2252,B,5000.0,2.9181250000000003,ZTA,USD
1683016579575.0,2054,S,8000.0,2.937725,ZTA,USD
1682929957175.0,561,S,10000.0,2.916375,ZTA,USD
1682930187150.0,571,B,7000.0,2.9177250000000003,ZTA,USD
1683066895950.0,2948,B,8000.0,2.948,ZTA,USD
1682983788625.0,1450,B,9000.0,2.94205,ZTA,USD
1682935941250.0,679,S,5000.0,2.907225,ZTA,USD
1682942562050.0,797,B,6000.0,2.8743250000000002,ZTA,USD
1683046743075.0,2547,S,7000.0,2.9198500000000003,ZTA,USD
1682979129925.0,1354,S,6000.0,2.9528749999999997,ZTA,USD
1682922368875.0,438,B,8000.0,2.9158,ZTA,USD
1683040068825.0,2415,S,8000.0,2.9164,ZTA,USD
1682986714075.0,1523,S,10000.0,2.939575,ZTA,USD
1683049856850.0,2612,B,9000.0,2.9307499999999997,ZTA,USD
1682921986750.0,428,B,10000.0,2.914325,ZTA,USD
1682979431075.0,1363,S,4000.0,2.952925,ZTA,USD
1683055267575.0,2729,S,9000.0,2.912925,ZTA,USD
1682919053875.0,380,S,3000.0,2.90865,ZTA,USD
1683015329150.0,2026,B,8000.0,2.9383250000000003,ZTA,USD
1683016575450.0,2053,B,4000.0,2.938425,ZTA,USD
1683014859475.0,2012,S,2000.0,2.935375,ZTA,USD
1682937288450.0,708,S,1000.0,2.902825,ZTA,USD
1683004209925.0,1859,S,7000.0,2.9459000000000004,ZTA,USD
1682949720025.0,902,B,7000.0,2.8725750000000003,ZTA,USD
1683066521525.0,2938,S,9000.0,2.9429,ZTA,USD
1682977381325.0,1316,S,8000.0,2.951725,ZTA,USD
1683053968425.0,2687,B,4000.0,2.91135,ZTA,USD
1682905068750.0,113,S,2000.0,2.9045500000000004,ZTA,USD
1683023938975.0,2184,S,9000.0,2.927175,ZTA,USD
1682913757875.0,272,B,5000.0,2.8963,ZTA,USD
1683041015325.0,2436,B,7000.0,2.9169,ZTA,USD
1682973912625.0,1264,B,9000.0,2.959225,ZTA,USD
1682973345325.0,1262,B,1000.0,2.9522,ZTA,USD
1682927983975.0,533,B,6000.0,2.9004250000000003,ZTA,USD
1683023867650.0,2182,S,9000.0,2.927175,ZTA,USD
1683013931150.0,1991,B,5000.0,2.935375,ZTA,USD
1682968418825.0,1158,S,7000.0,2.9484749999999997,ZTA,USD
1682943221175.0,807,B,2000.0,2.874925,ZTA,USD
1683050014250.0,2615,S,8000.0,2.9301500000000003,ZTA,USD
1682948662850.0,889,S,9000.0,2.871975,ZTA,USD
1682900537475.0,73,B,3000.0,2.900675,ZTA,USD
1682954544425.0,959,B,6000.0,2.8977,ZTA,USD
1683051973350.0,2648,S,9000.0,2.9206250000000002,ZTA,USD
1682959057125.0,1044,S,1000.0,2.9104,ZTA,USD
1682997088175.0,1747,B,3000.0,2.93755,ZTA,USD
1682944833925.0,833,B,9000.0,2.876125,ZTA,USD
1683063632625.0,2896,B,5000.0,2.934375,ZTA,USD
1682935092675.0,663,B,1000.0,2.9067250000000002,ZTA,USD
1682956034625.0,995,B,4000.0,2.901625,ZTA,USD
1682925313250.0,495,B,1000.0,2.913675,ZTA,USD
1682999488250.0,1787,S,8000.0,2.932675,ZTA,USD
1683022409125.0,2149,B,5000.0,2.927975,ZTA,USD
1682941953025.0,781,S,8000.0,2.875525,ZTA,USD
1683065922550.0,2930,B,2000.0,2.9446749999999997,ZTA,USD
1682907583375.0,165,S,4000.0,2.9027499999999997,ZTA,USD
1682937039650.0,694,B,10000.0,2.9021250000000003,ZTA,USD
1683027312750.0,2231,B,6000.0,2.928075,ZTA,USD
1683031477725.0,2287,S,10000.0,2.907725,ZTA,USD
1682980965350.0,1396,S,8000.0,2.943225,ZTA,USD
1683037365650.0,2358,S,7000.0,2.909075,ZTA,USD
1682926560125.0,519,B,3000.0,2.910175,ZTA,USD
1683020385025.0,2123,S,2000.0,2.928875,ZTA,USD
1683033436275.0,2305,B,4000.0,2.9106750000000003,ZTA,USD
1682944027125.0,823,S,9000.0,2.874075,ZTA,USD
1682906262075.0,149,S,6000.0,2.9093750000000003,ZTA,USD
1682969876050.0,1196,S,7000.0,2.947,ZTA,USD
1683022299675.0,2142,B,7000.0,2.9247750000000003,ZTA,USD
1682942792350.0,799,S,7000.0,2.870225,ZTA,USD
1683055542325.0,2736,B,4000.0,2.915525,ZTA,USD
1683016309375.0,2049,S,6000.0,2.9353249999999997,ZTA,USD
1682948889250.0,892,B,8000.0,2.871925,ZTA,USD
1683046714550.0,2542,B,5000.0,2.9198999999999997,ZTA,USD
1682969454650.0,1183,S,6000.0,2.9423,ZTA,USD
1682912243850.0,248,S,9000.0,2.897875,ZTA,USD
1682928159150.0,537,S,8000.0,2.900925,ZTA,USD
1682979551150.0,1364,B,8000.0,2.952575,ZTA,USD
1683025031525.0,2193,S,4000.0,2.925575,ZTA,USD
1682984510925.0,1468,B,4000.0,2.949525,ZTA,USD
1683046553075.0,2537,B,9000.0,2.9212,ZTA,USD
1682978442850.0,1339,S,7000.0,2.9544,ZTA,USD
1683056961350.0,2768,B,4000.0,2.9139,ZTA,USD
1682956155025.0,1002,S,6000.0,2.902225,ZTA,USD
1682993577850.0,1673,B,9000.0,2.93105,ZTA,USD
1682984476225.0,1467,B,8000.0,2.9490749999999997,ZTA,USD
1682943289850.0,811,B,1000.0,2.8712250000000004,ZTA,USD
1683053497250.0,2663,B,3000.0,2.9128,ZTA,USD
1683010280150.0,1945,S,10000.0,2.9276999999999997,ZTA,USD
1683009482275.0,1924,S,2000.0,2.9242,ZTA,USD
1682979828425.0,1366,S,6000.0,2.9552,ZTA,USD
1682992307250.0,1653,B,2000.0,2.932425,ZTA,USD
1682929316850.0,552,S,3000.0,2.9071249999999997,ZTA,USD
1683035380825.0,2334,B,6000.0,2.912275,ZTA,USD
1682932940650.0,622,B,5000.0,2.915925,ZTA,USD
1682915012275.0,306,S,2000.0,2.8960500000000002,ZTA,USD
1683004104725.0,1850,S,4000.0,2.9473000000000003,ZTA,USD
1683051373675.0,2635,S,8000.0,2.919375,ZTA,USD
1682963551250.0,1090,B,1000.0,2.93835,ZTA,USD
1682949628025.0,899,S,10000.0,2.870675,ZTA,USD
1682958257625.0,1036,B,4000.0,2.9067499999999997,ZTA,USD
1683039067625.0,2396,S,2000.0,2.9143,ZTA,USD
1683056294475.0,2755,B,1000.0,2.9152,ZTA,USD
1682949628475.0,900,S,9000.0,2.870625,ZTA,USD
1683042039475.0,2471,S,2000.0,2.914025,ZTA,USD
1682969809025.0,1189,B,2000.0,2.9486000000000003,ZTA,USD
1683055606125.0,2738,S,1000.0,2.916775,ZTA,USD
1683034659450.0,2320,B,7000.0,2.911875,ZTA,USD
1682997888950.0,1752,S,6000.0,2.941275,ZTA,USD
1682964600925.0,1100,B,4000.0,2.953575,ZTA,USD
1682935026375.0,659,B,8000.0,2.9041750000000004,ZTA,USD
1683042102075.0,2474,B,1000.0,2.915175,ZTA,USD
1683036328375.0,2345,B,2000.0,2.916175,ZTA,USD
1682974259975.0,1271,B,5000.0,2.959225,ZTA,USD
1683051493450.0,2636,S,8000.0,2.921025,ZTA,USD
1683027683975.0,2237,B,4000.0,2.928175,ZTA,USD
1682909844250.0,199,S,6000.0,2.90355,ZTA,USD
1682999899775.0,1803,S,10000.0,2.9368000000000003,ZTA,USD
1682993655125.0,1675,S,6000.0,2.9324,ZTA,USD
1682991771975.0,1640,S,7000.0,2.930075,ZTA,USD
1683018764350.0,2101,S,5000.0,2.924225,ZTA,USD
1682998070325.0,1760,B,10000.0,2.940125,ZTA,USD
1683017054175.0,2060,S,7000.0,2.930925,ZTA,USD
1683033493875.0,2307,S,5000.0,2.910425,ZTA,USD
1682910333350.0,210,B,3000.0,2.90555,ZTA,USD
1682971418075.0,1221,B,6000.0,2.951425,ZTA,USD
1683065923075.0,2933,B,2000.0,2.9448749999999997,ZTA,USD
1683023226875.0,2162,B,1000.0,2.9251750000000003,ZTA,USD
1682961793150.0,1072,S,10000.0,2.928575,ZTA,USD
1682937322850.0,712,S,6000.0,2.9027249999999998,ZTA,USD
1683023938825.0,2183,S,5000.0,2.927275,ZTA,USD
1683033139625.0,2302,S,9000.0,2.907975,ZTA,USD
1682915793775.0,316,S,3000.0,2.900725,ZTA,USD
1682923156275.0,458,S,1000.0,2.9210499999999997,ZTA,USD
1682980008750.0,1371,S,4000.0,2.9532,ZTA,USD
1683059600250.0,2826,S,7000.0,2.9256,ZTA,USD
1682919886950.0,396,B,4000.0,2.907025,ZTA,USD
1682943283475.0,808,S,3000.0,2.871175,ZTA,USD
1683067865225.0,2967,B,7000.0,2.944175,ZTA,USD
1683036810250.0,2354,S,3000.0,2.914725,ZTA,USD
1682969324725.0,1174,S,1000.0,2.945725,ZTA,USD
1682987433475.0,1550,S,7000.0,2.938475,ZTA,USD
1683048712875.0,2587,S,9000.0,2.921925,ZTA,USD
1682918314675.0,358,B,10000.0,2.90385,ZTA,USD
1682905869150.0,131,B,9000.0,2.905125,ZTA,USD
1682937322675.0,710,S,2000.0,2.902875,ZTA,USD
1683001323775.0,1815,S,6000.0,2.93955,ZTA,USD
1682950238550.0,918,S,1000.0,2.880125,ZTA,USD
1682938612675.0,728,B,6000.0,2.899975,ZTA,USD
1683022760775.0,2159,S,7000.0,2.928625,ZTA,USD
1683050990225.0,2627,B,2000.0,2.925875,ZTA,USD
1682992610275.0,1655,B,7000.0,2.931825,ZTA,USD
1683011940175.0,1967,S,9000.0,2.936725,ZTA,USD
1682951573025.0,930,S,2000.0,2.875075,ZTA,USD
1683058621775.0,2794,B,7000.0,2.924175,ZTA,USD
1682907243450.0,158,B,1000.0,2.9049,ZTA,USD
1683014059125.0,1993,B,2000.0,2.936175,ZTA,USD
1682980085150.0,1377,S,7000.0,2.9536,ZTA,USD
1683066222150.0,2936,S,3000.0,2.9448999999999996,ZTA,USD
1682998164550.0,1763,B,7000.0,2.938975,ZTA,USD
1682981515450.0,1405,S,9000.0,2.9429250000000002,ZTA,USD
1683023329775.0,2165,B,3000.0,2.927225,ZTA,USD
1683066741025.0,2943,B,6000.0,2.94705,ZTA,USD
1682939275350.0,739,S,10000.0,2.896175,ZTA,USD
1682964860375.0,1105,B,7000.0,2.953775,ZTA,USD
1683047286925.0,2560,B,3000.0,2.9240250000000003,ZTA,USD
1683057197450.0,2773,B,9000.0,2.9160500000000003,ZTA,USD
1683065410425.0,2921,S,6000.0,2.944525,ZTA,USD
1683066639625.0,2942,B,2000.0,2.94205,ZTA,USD
1682963690150.0,1095,B,2000.0,2.9398,ZTA,USD
1683041062875.0,2441,B,7000.0,2.9174,ZTA,USD
1682999428125.0,1781,S,2000.0,2.934375,ZTA,USD
1682988912825.0,1587,B,5000.0,2.9392,ZTA,USD
1682979430975.0,1362,S,1000.0,2.952975,ZTA,USD
1682917774875.0,353,B,6000.0,2.9060499999999996,ZTA,USD
1682912995275.0,266,B,8000.0,2.899525,ZTA,USD
1683015860275.0,2041,B,2000.0,2.9345250000000003,ZTA,USD
1683041648025.0,2463,S,1000.0,2.9143499999999998,ZTA,USD
1682914865725.0,301,S,8000.0,2.8971,ZTA,USD
1682999853650.0,1799,B,4000.0,2.9375,ZTA,USD
1682934170875.0,645,S,8000.0,2.9092249999999997,ZTA,USD
1682905720875.0,121,S,3000.0,2.904825,ZTA,USD
1682976706875.0,1307,B,3000.0,2.943275,ZTA,USD
1682965365675.0,1115,S,5000.0,2.9560750000000002,ZTA,USD
1682912995075.0,265,B,9000.0,2.899425,ZTA,USD
1682980208975.0,1380,S,7000.0,2.9494,ZTA,USD
1683040568250.0,2423,S,2000.0,2.9166,ZTA,USD
1682960817025.0,1065,S,6000.0,2.922075,ZTA,USD
1682992940625.0,1663,S,10000.0,2.932875,ZTA,USD
1682983050475.0,1427,B,7000.0,2.942225,ZTA,USD
1682927984050.0,534,B,6000.0,2.900525,ZTA,USD
1682908662425.0,177,S,7000.0,2.904875,ZTA,USD
1683009991450.0,1932,B,8000.0,2.9247,ZTA,USD
1682987083675.0,1534,B,7000.0,2.937675,ZTA,USD
1682905874675.0,139,B,5000.0,2.906075,ZTA,USD
1682954544925.0,960,B,8000.0,2.8978,ZTA,USD
1682972579050.0,1247,B,4000.0,2.95295,ZTA,USD
1682958402250.0,1037,S,6000.0,2.9043500000000004,ZTA,USD
1682918249675.0,355,B,7000.0,2.9040999999999997,ZTA,USD
1682931273275.0,581,B,10000.0,2.912175,ZTA,USD
1682972579725.0,1249,B,4000.0,2.9530999999999996,ZTA,USD
1683055147450.0,2727,B,4000.0,2.9133250000000004,ZTA,USD
1683057197325.0,2772,B,2000.0,2.91595,ZTA,USD
1682988738875.0,1579,S,2000.0,2.9343500000000002,ZTA,USD
1683015329250.0,2027,B,3000.0,2.938375,ZTA,USD
1682976383175.0,1305,B,8000.0,2.945875,ZTA,USD
1682955462750.0,985,S,2000.0,2.90175,ZTA,USD
1682992306150.0,1649,B,9000.0,2.932125,ZTA,USD
1682971581250.0,1232,S,4000.0,2.950875,ZTA,USD
1682898425475.0,42,S,3000.0,2.895575,ZTA,USD
1682980084775.0,1375,S,1000.0,2.9537999999999998,ZTA,USD
1683063656450.0,2900,S,5000.0,2.936075,ZTA,USD
1683032512125.0,2297,B,4000.0,2.905475,ZTA,USD
1682942098625.0,784,B,1000.0,2.878025,ZTA,USD
1682911664975.0,238,S,9000.0,2.901625,ZTA,USD
1683051056775.0,2631,S,4000.0,2.926275,ZTA,USD
1682975195475.0,1286,B,7000.0,2.9553,ZTA,USD
1682986373225.0,1517,S,7000.0,2.94245,ZTA,USD
1683060609850.0,2839,S,3000.0,2.930125,ZTA,USD
1682915710125.0,314,B,5000.0,2.899125,ZTA,USD
1682995356425.0,1723,B,2000.0,2.9474250000000004,ZTA,USD
1682970266975.0,1203,B,8000.0,2.9440500000000003,ZTA,USD
1682982602175.0,1413,B,7000.0,2.946025,ZTA,USD
1683054921050.0,2714,S,7000.0,2.914125,ZTA,USD
1682921871725.0,423,B,3000.0,2.914675,ZTA,USD
1682977196150.0,1315,B,6000.0,2.951425,ZTA,USD
1683017060625.0,2062,B,6000.0,2.931925,ZTA,USD
1682923964525.0,473,S,10000.0,2.9274999999999998,ZTA,USD
1683060695475.0,2843,S,5000.0,2.928375,ZTA,USD
1682994233475.0,1693,S,7000.0,2.93445,ZTA,USD
1682912994725.0,263,B,1000.0,2.899325,ZTA,USD
1683008282075.0,1909,B,10000.0,2.930525,ZTA,USD
1683031121550.0,2284,S,4000.0,2.9090249999999997,ZTA,USD
1682993765175.0,1679,S,4000.0,2.93175,ZTA,USD
1683050989950.0,2626,B,10000.0,2.925775,ZTA,USD
1683045917075.0,2518,S,4000.0,2.9213,ZTA,USD
1682987084650.0,1540,B,4000.0,2.938075,ZTA,USD
1683009347425.0,1918,S,3000.0,2.9247,ZTA,USD
1683015385775.0,2032,S,5000.0,2.935825,ZTA,USD
1682921871250.0,421,B,7000.0,2.914525,ZTA,USD
1683052099375.0,2651,B,9000.0,2.923025,ZTA,USD
1683053497075.0,2662,B,4000.0,2.9127,ZTA,USD
1683013408425.0,1986,S,1000.0,2.934975,ZTA,USD
1682989411625.0,1597,B,5000.0,2.937875,ZTA,USD
1683039773375.0,2411,S,4000.0,2.91565,ZTA,USD
1683039773050.0,2408,S,5000.0,2.9158999999999997,ZTA,USD
1682910448125.0,217,S,1000.0,2.90595,ZTA,USD
1682937057875.0,702,S,3000.0,2.901725,ZTA,USD
1682968224850.0,1157,S,6000.0,2.949175,ZTA,USD
1682907692150.0,166,S,2000.0,2.9006499999999997,ZTA,USD
1683045371725.0,2512,B,9000.0,2.9215,ZTA,USD
1682969610850.0,1187,B,8000.0,2.9434500000000003,ZTA,USD
1682977508350.0,1324,B,10000.0,2.95335,ZTA,USD
1682953861625.0,953,B,9000.0,2.8878,ZTA,USD
1682949720125.0,903,B,5000.0,2.872625,ZTA,USD
1682967680275.0,1144,S,1000.0,2.95415,ZTA,USD
1682954545150.0,962,B,3000.0,2.898,ZTA,USD
1683015860325.0,2042,B,5000.0,2.934575,ZTA,USD
1683053670225.0,2672,S,2000.0,2.9137,ZTA,USD
1682985414650.0,1499,B,9000.0,2.9452000000000003,ZTA,USD
1682947345075.0,868,S,8000.0,2.870425,ZTA,USD
1682983946675.0,1453,B,6000.0,2.94355,ZTA,USD
1682964860525.0,1106,B,8000.0,2.953825,ZTA,USD
1683010347875.0,1947,S,1000.0,2.9271,ZTA,USD
1682988913175.0,1588,B,3000.0,2.9393,ZTA,USD
1682961834750.0,1074,S,9000.0,2.9284749999999997,ZTA,USD
1683027683825.0,2236,B,4000.0,2.928125,ZTA,USD
1683017053750.0,2058,S,4000.0,2.931075,ZTA,USD
1682905705150.0,116,S,10000.0,2.905275,ZTA,USD
1682922350650.0,435,B,8000.0,2.9145000000000003,ZTA,USD
1682987281650.0,1545,S,8000.0,2.936075,ZTA,USD
1682959543175.0,1050,B,8000.0,2.9180499999999996,ZTA,USD
1683067346425.0,2959,B,1000.0,2.9476750000000003,ZTA,USD
1682978710775.0,1351,B,3000.0,2.951425,ZTA,USD
1682945885475.0,848,S,9000.0,2.874325,ZTA,USD
1683002226825.0,1827,S,1000.0,2.941825,ZTA,USD
1683053803050.0,2680,S,2000.0,2.9083,ZTA,USD
1683059600350.0,2827,S,3000.0,2.9255500000000003,ZTA,USD
1682912244050.0,249,S,1000.0,2.897775,ZTA,USD
1682975119525.0,1283,B,5000.0,2.95415,ZTA,USD
1682985769575.0,1502,S,4000.0,2.94555,ZTA,USD
1683056324350.0,2757,B,5000.0,2.915,ZTA,USD
1683058972875.0,2805,B,9000.0,2.9235499999999996,ZTA,USD
1682899666025.0,50,B,9000.0,2.89325,ZTA,USD
1683064649175.0,2914,S,4000.0,2.9429,ZTA,USD
1682918852075.0,375,B,2000.0,2.9067,ZTA,USD
1683027684675.0,2239,B,3000.0,2.9283750000000004,ZTA,USD
1683007097950.0,1892,B,6000.0,2.928025,ZTA,USD
1682933654625.0,637,S,9000.0,2.9101749999999997,ZTA,USD
1683055027450.0,2723,B,7000.0,2.9129250000000004,ZTA,USD
1682940970275.0,762,B,2000.0,2.8794250000000003,ZTA,USD
1683028097225.0,2247,S,9000.0,2.922975,ZTA,USD
1683009505850.0,1930,S,3000.0,2.9229499999999997,ZTA,USD
1682950003825.0,909,S,5000.0,2.875425,ZTA,USD
1683030458075.0,2275,B,3000.0,2.907375,ZTA,USD
1683031477925.0,2288,S,1000.0,2.907625,ZTA,USD
1683040960725.0,2432,B,10000.0,2.91595,ZTA,USD
1682934443950.0,650,S,9000.0,2.905175,ZTA,USD
1682925037475.0,491,S,8000.0,2.91295,ZTA,USD
1682914189825.0,281,S,2000.0,2.8954500000000003,ZTA,USD
1682912970725.0,261,B,10000.0,2.898325,ZTA,USD
1682907432075.0,162,S,10000.0,2.9034999999999997,ZTA,USD
1682901392925.0,83,B,5000.0,2.90815,ZTA,USD
1682936287825.0,681,S,8000.0,2.904525,ZTA,USD
1682928196125.0,541,S,3000.0,2.899675,ZTA,USD
1682933518825.0,632,B,8000.0,2.911375,ZTA,USD
1682985448525.0,1500,B,10000.0,2.9465,ZTA,USD
1682903037150.0,101,B,3000.0,2.902075,ZTA,USD
1682914284450.0,289,B,6000.0,2.8962499999999998,ZTA,USD
1682999601875.0,1789,B,7000.0,2.932525,ZTA,USD
1683057995425.0,2782,B,5000.0,2.923975,ZTA,USD
1683064089650.0,2906,B,2000.0,2.9372000000000003,ZTA,USD
1683058973075.0,2806,B,8000.0,2.9236,ZTA,USD
1682913433925.0,269,S,8000.0,2.8957,ZTA,USD
1682942098975.0,785,B,2000.0,2.8781250000000003,ZTA,USD
1682987084550.0,1539,B,8000.0,2.938025,ZTA,USD
1683062062450.0,2863,B,10000.0,2.93315,ZTA,USD
1683065775775.0,2929,B,8000.0,2.9435249999999997,ZTA,USD
1683063095525.0,2887,B,7000.0,2.9309250000000002,ZTA,USD
1682939515675.0,742,S,5000.0,2.892275,ZTA,USD
1682941123775.0,763,S,3000.0,2.875975,ZTA,USD
1683011994825.0,1968,S,7000.0,2.934225,ZTA,USD
1683034357975.0,2317,B,6000.0,2.910175,ZTA,USD
1682896326425.0,12,B,1000.0,2.9013750000000003,ZTA,USD
1683049034275.0,2603,B,1000.0,2.92545,ZTA,USD
1682987270225.0,1544,S,9000.0,2.9358750000000002,ZTA,USD
1683017061150.0,2064,B,7000.0,2.932075,ZTA,USD
1682945884950.0,846,S,4000.0,2.874475,ZTA,USD
1682956302425.0,1007,B,10000.0,2.904525,ZTA,USD
1682914283975.0,288,B,7000.0,2.8962,ZTA,USD
1683042872225.0,2487,S,5000.0,2.913975,ZTA,USD
1682935778425.0,677,S,9000.0,2.908525,ZTA,USD
1683054361025.0,2694,B,8000.0,2.9120250000000003,ZTA,USD
1682982602225.0,1414,B,4000.0,2.946075,ZTA,USD
1682916239750.0,321,S,9000.0,2.897375,ZTA,USD
1683009991675.0,1934,B,5000.0,2.9248000000000003,ZTA,USD
1682947623725.0,877,S,10000.0,2.874175,ZTA,USD
1682972388475.0,1241,B,9000.0,2.9549499999999997,ZTA,USD
1682945052225.0,834,B,5000.0,2.874025,ZTA,USD
1682905848575.0,126,S,10000.0,2.9053750000000003,ZTA,USD
1682995356725.0,1724,B,1000.0,2.947525,ZTA,USD
1683009505625.0,1929,S,2000.0,2.923,ZTA,USD
1683012478250.0,1976,B,7000.0,2.934575,ZTA,USD
1683033366950.0,2304,B,1000.0,2.910375,ZTA,USD
1682956994125.0,1016,B,8000.0,2.901875,ZTA,USD
1683028944675.0,2255,B,2000.0,2.913875,ZTA,USD
1682923964850.0,474,S,6000.0,2.92745,ZTA,USD
1682931995750.0,600,B,3000.0,2.916275,ZTA,USD
1683053498125.0,2666,B,6000.0,2.91305,ZTA,USD
1682937077125.0,704,S,10000.0,2.902025,ZTA,USD
1682898214725.0,39,S,6000.0,2.897675,ZTA,USD
1683060046375.0,2835,S,10000.0,2.930275,ZTA,USD
1682970385850.0,1207,S,4000.0,2.94045,ZTA,USD
1683041955375.0,2468,S,3000.0,2.9150750000000003,ZTA,USD
1682996613650.0,1737,B,4000.0,2.94,ZTA,USD
1682948274425.0,886,B,4000.0,2.872875,ZTA,USD
1682907500625.0,163,B,7000.0,2.9021500000000002,ZTA,USD
1682967864875.0,1150,B,5000.0,2.952725,ZTA,USD
1683024006550.0,2185,S,5000.0,2.925575,ZTA,USD
1682924090450.0,481,B,9000.0,2.92695,ZTA,USD
1683022675150.0,2155,B,1000.0,2.928675,ZTA,USD
1682895872275.0,7,S,7000.0,2.903875,ZTA,USD
1682975494350.0,1294,S,2000.0,2.95355,ZTA,USD
1683025158775.0,2197,S,3000.0,2.926425,ZTA,USD
1683057336175.0,2775,S,5000.0,2.916375,ZTA,USD
1682986714450.0,1525,S,2000.0,2.9394750000000003,ZTA,USD
1682909781750.0,192,S,6000.0,2.902425,ZTA,USD
1682976707150.0,1308,B,8000.0,2.943325,ZTA,USD
1682961660450.0,1071,S,10000.0,2.9275249999999997,ZTA,USD
1683029454250.0,2262,S,9000.0,2.909825,ZTA,USD
1682997730450.0,1750,S,1000.0,2.9423,ZTA,USD
1682913758025.0,273,B,4000.0,2.89635,ZTA,USD
1683038011075.0,2366,B,4000.0,2.914975,ZTA,USD
1683048814625.0,2597,B,5000.0,2.922425,ZTA,USD
1683040069525.0,2416,S,4000.0,2.91635,ZTA,USD
1682966141675.0,1131,S,10000.0,2.9498,ZTA,USD
1683019082150.0,2109,S,3000.0,2.927475,ZTA,USD
1682940699875.0,756,S,9000.0,2.880525,ZTA,USD
1683024736650.0,2190,B,5000.0,2.9276250000000004,ZTA,USD
1683062946825.0,2882,B,8000.0,2.932525,ZTA,USD
1683004114775.0,1853,S,7000.0,2.94625,ZTA,USD
1683059204225.0,2816,S,9000.0,2.92485,ZTA,USD
1682926125350.0,503,B,5000.0,2.914625,ZTA,USD
1682900128125.0,64,B,9000.0,2.89715,ZTA,USD
1683059931675.0,2833,B,1000.0,2.9313,ZTA,USD
1683045924850.0,2522,S,7000.0,2.9205,ZTA,USD
1682896212775.0,10,S,4000.0,2.904575,ZTA,USD
1682917121025.0,330,S,3000.0,2.903175,ZTA,USD
1682995131725.0,1718,B,8000.0,2.9453250000000004,ZTA,USD
1683047096275.0,2557,S,5000.0,2.9223749999999997,ZTA,USD
1682919160425.0,384,S,5000.0,2.9076000000000004,ZTA,USD
1682949085625.0,895,B,1000.0,2.8703250000000002,ZTA,USD
1683003850750.0,1843,S,3000.0,2.9470500000000004,ZTA,USD
1683021117925.0,2135,S,1000.0,2.9263749999999997,ZTA,USD
1683049034050.0,2602,B,9000.0,2.9254,ZTA,USD
1682942339625.0,792,S,4000.0,2.8745249999999998,ZTA,USD
1683032146150.0,2292,S,6000.0,2.906275,ZTA,USD
1682897937675.0,35,S,4000.0,2.8985749999999997,ZTA,USD
1682903397375.0,103,S,7000.0,2.899275,ZTA,USD
1682920629725.0,414,S,3000.0,2.913675,ZTA,USD
1682988163375.0,1565,B,3000.0,2.93235,ZTA,USD
1682895703250.0,1,B,2000.0,2.900475,ZTA,USD
1683000841450.0,1811,B,9000.0,2.9374,ZTA,USD
1682919053625.0,379,S,8000.0,2.9087500000000004,ZTA,USD
1683006783625.0,1885,S,8000.0,2.9278250000000003,ZTA,USD
1683055541950.0,2734,B,6000.0,2.915325,ZTA,USD
1683032512325.0,2298,B,10000.0,2.9055250000000004,ZTA,USD
1682989330575.0,1593,S,5000.0,2.938825,ZTA,USD
1682972303275.0,1240,B,10000.0,2.9564,ZTA,USD
1682920493375.0,409,S,3000.0,2.9139250000000003,ZTA,USD
1682983946575.0,1452,B,6000.0,2.9435000000000002,ZTA,USD
1683058319275.0,2792,B,2000.0,2.923675,ZTA,USD
1683059051550.0,2814,S,1000.0,2.92275,ZTA,USD
1683062134625.0,2867,S,10000.0,2.9353000000000002,ZTA,USD
1683032828675.0,2300,S,2000.0,2.906225,ZTA,USD
1682948274675.0,887,B,10000.0,2.8729250000000004,ZTA,USD
1683054648125.0,2704,B,5000.0,2.911875,ZTA,USD
1682980930450.0,1394,B,1000.0,2.943925,ZTA,USD
1683041353925.0,2443,S,2000.0,2.9167,ZTA,USD
1682917394075.0,347,B,8000.0,2.90015,ZTA,USD
1682978618475.0,1343,S,10000.0,2.9528,ZTA,USD
1682971279050.0,1212,S,9000.0,2.9507250000000003,ZTA,USD
1682923277725.0,462,B,7000.0,2.92255,ZTA,USD
1682972207825.0,1235,S,3000.0,2.956475,ZTA,USD
1682966520925.0,1137,S,3000.0,2.94965,ZTA,USD
1683010703850.0,1952,B,2000.0,2.9290000000000003,ZTA,USD
1683065448850.0,2926,B,2000.0,2.9427749999999997,ZTA,USD
1682937040650.0,695,B,8000.0,2.902175,ZTA,USD
1683057196950.0,2771,B,10000.0,2.9158500000000003,ZTA,USD
1682969874450.0,1190,S,2000.0,2.94745,ZTA,USD
1683043016750.0,2490,B,5000.0,2.912775,ZTA,USD
1683017477850.0,2073,S,8000.0,2.930275,ZTA,USD
1682920478325.0,407,B,5000.0,2.914525,ZTA,USD
1682965547750.0,1121,B,9000.0,2.954475,ZTA,USD
1683060744050.0,2846,B,7000.0,2.9277249999999997,ZTA,USD
1682962924325.0,1086,S,7000.0,2.9326,ZTA,USD
1682970266725.0,1202,B,3000.0,2.944,ZTA,USD
1682980104175.0,1378,S,6000.0,2.95245,ZTA,USD
1682909683275.0,189,S,5000.0,2.903675,ZTA,USD
1683032146375.0,2294,S,4000.0,2.906075,ZTA,USD
1683025039575.0,2194,S,9000.0,2.9252249999999997,ZTA,USD
1682999053750.0,1775,S,10000.0,2.9398750000000002,ZTA,USD
1683045966650.0,2526,B,5000.0,2.9208,ZTA,USD
1682955710250.0,986,B,6000.0,2.899575,ZTA,USD
1683007097550.0,1890,B,10000.0,2.927925,ZTA,USD
1682954956850.0,979,B,6000.0,2.9,ZTA,USD
1682931995850.0,601,B,1000.0,2.916325,ZTA,USD
1683011940050.0,1966,S,1000.0,2.936775,ZTA,USD
1683060673875.0,2842,S,5000.0,2.929125,ZTA,USD
1683062129650.0,2865,S,7000.0,2.9358,ZTA,USD
1683051546850.0,2638,B,9000.0,2.922675,ZTA,USD
1682996307825.0,1732,S,3000.0,2.9405,ZTA,USD
1682927983675.0,531,B,1000.0,2.9002250000000003,ZTA,USD
1683022675050.0,2154,B,2000.0,2.9286250000000003,ZTA,USD
1683042390275.0,2478,S,9000.0,2.917125,ZTA,USD
1683043016975.0,2491,B,6000.0,2.912875,ZTA,USD
1683040926775.0,2427,B,6000.0,2.915,ZTA,USD
1682986698525.0,1521,S,2000.0,2.939575,ZTA,USD
1682984825925.0,1486,B,1000.0,2.945975,ZTA,USD
1682926559950.0,518,B,1000.0,2.910075,ZTA,USD
1682978629750.0,1347,S,1000.0,2.9526749999999997,ZTA,USD
1682940969575.0,760,B,8000.0,2.8792750000000003,ZTA,USD
1683026613350.0,2215,S,3000.0,2.925925,ZTA,USD
1682993105750.0,1671,S,5000.0,2.929875,ZTA,USD
1682957006750.0,1017,B,9000.0,2.903025,ZTA,USD
1682922928225.0,455,B,5000.0,2.9176,ZTA,USD
1682947541725.0,874,B,6000.0,2.874825,ZTA,USD
1683040567525.0,2422,S,4000.0,2.9166499999999997,ZTA,USD
1682900451975.0,69,S,9000.0,2.902475,ZTA,USD
1682968513775.0,1160,B,3000.0,2.9474250000000004,ZTA,USD
1683034664175.0,2321,S,4000.0,2.911175,ZTA,USD
1682960217750.0,1057,B,10000.0,2.9208499999999997,ZTA,USD
1682936342450.0,682,B,8000.0,2.9034250000000004,ZTA,USD
1682966141425.0,1130,S,9000.0,2.9499,ZTA,USD
1682937999750.0,714,S,9000.0,2.901525,ZTA,USD
1683017963275.0,2076,B,10000.0,2.932525,ZTA,USD
1682927943250.0,526,S,9000.0,2.8991249999999997,ZTA,USD
1682953216125.0,948,B,4000.0,2.8813500000000003,ZTA,USD
1683006847075.0,1887,B,1000.0,2.926675,ZTA,USD
1682999788550.0,1796,S,10000.0,2.9369,ZTA,USD
1682969057750.0,1171,B,2000.0,2.944325,ZTA,USD
1682981056325.0,1400,B,3000.0,2.941175,ZTA,USD
1682992306850.0,1652,B,8000.0,2.932325,ZTA,USD
1683026572250.0,2211,S,5000.0,2.9273249999999997,ZTA,USD
1682932895675.0,617,S,3000.0,2.914775,ZTA,USD
1682991497675.0,1627,S,4000.0,2.9329,ZTA,USD
1683033688025.0,2312,S,2000.0,2.910425,ZTA,USD
1683003483025.0,1841,S,4000.0,2.943425,ZTA,USD
1682901572650.0,91,B,1000.0,2.90795,ZTA,USD
1682924765225.0,489,S,1000.0,2.92035,ZTA,USD
1682913738175.0,271,S,9000.0,2.89535,ZTA,USD
1682964621375.0,1102,B,10000.0,2.953925,ZTA,USD
1682971580750.0,1228,S,4000.0,2.9512750000000003,ZTA,USD
1683017275150.0,2069,S,10000.0,2.9332249999999997,ZTA,USD
1682955119075.0,981,S,1000.0,2.8988,ZTA,USD
1682963689875.0,1093,B,5000.0,2.9396,ZTA,USD
1683067788025.0,2963,S,10000.0,2.943575,ZTA,USD
1683063461550.0,2890,S,7000.0,2.934375,ZTA,USD
1682900067275.0,63,B,6000.0,2.8966,ZTA,USD
1682905848875.0,129,S,2000.0,2.9051750000000003,ZTA,USD
1683057979025.0,2780,B,5000.0,2.923325,ZTA,USD
1682914283850.0,287,B,1000.0,2.89615,ZTA,USD
1682976707350.0,1309,B,1000.0,2.943375,ZTA,USD
1682956167350.0,1004,S,4000.0,2.9019250000000003,ZTA,USD
1683020588475.0,2127,B,5000.0,2.929075,ZTA,USD
1683030430250.0,2274,S,9000.0,2.9069249999999998,ZTA,USD
1682970385750.0,1206,S,10000.0,2.9404999999999997,ZTA,USD
1683055570725.0,2737,B,6000.0,2.9156750000000002,ZTA,USD
1682998575425.0,1768,S,9000.0,2.9377750000000002,ZTA,USD
1683051057025.0,2633,S,10000.0,2.9261250000000003,ZTA,USD
1682952802550.0,940,B,5000.0,2.8802000000000003,ZTA,USD
1683040068375.0,2414,S,2000.0,2.9165,ZTA,USD
1682909682825.0,187,S,6000.0,2.903825,ZTA,USD
